2996 5086
523 628 740 690 ..49-

104 817 266 906 ἀκλήρημοι
289 818 387 885 habet
409 820 515 886 Marc.
539 820 620 899 Ant.
644 820 682 885 X
704 825 756 904 33,
781 820 835 885 ubi
858 821 928 886 vide
952 819 1167 906 Gatalrerum3

103 924 140 990 cs.
157 924 277 991 Suidas
300 924 501 1014 ἀκληρήμασι·
524 938 700 1017 συμφοραῖς,
725 929 894 1015 δυστυχίαις
916 925 976 992 κτὲ.

163 1032 334 1099 ἀκολουθία
358 1039 410 1115 30,
431 1039 449 1098 5
473 1036 585 1101 παίδων
609 1034 792 1101 ἀκολουθίαν
820 1036 1009 1119 (opponitur
1033 1037 1168 1102 διακονία

99 1137 264 1227 ἠτυχουσα
280 1144 370 1224 40,8
394 1140 577 1228 ἀρκοίμενος
592 1146 643 1207 καί
666 1140 772 1231 ἐσθῆτι
794 1153 831 1228 τῇ
854 1144 986 1229 τυχοὺσρ
1002 1145 1053 1208 καὶ
1069 1144 1166 1228 διαίτρ

98 1251 146 1312 καί
162 1249 297 1334 διακονία
312 1250 361 1317 vel
377 1251 471 1316 etiam
488 1248 693 1316 αδτοδιακονία
709 1254 762 1332 41,
778 1251 848 1336 13),
866 1249 908 1315 cf.
925 1250 1009 1318 Plat.
1026 1249 1166 1318 Alcib.l

97 1379 127 1441 p.
155 1362 218 1422 122
244 1356 282 1423 O.
320 1358 409 1426 Plut.
435 1358 474 1425 de
505 1360 596 1442 genio
627 1357 719 1425 Socr.
740 1381 772 1442 p.
800 1363 863 1423 578
894 1359 925 1424 E
949 1363 981 1424 et
1022 1359 1166 1443 inprimis

98 1470 222 1547 quaest.
239 1487 339 1551 symp.
355 1466 374 1531 I
395 1471 414 1530 2
437 1490 469 1552 p.
488 1471 551 1532 615
568 1466 601 1531 D
625 1464 729 1554 ἐσθῆτι
749 1489 778 1530 τε
798 1476 916 1552 περιττῇ
932 1469 982 1530 καὶ
998 1463 1166 1550 ἀκολουθία

97 1573 207 1638 παίδων
231 1569 502 1658 ὑποσολοικότερος.
535 1575 568 1638 in
590 1596 658 1640 rem
680 1575 767 1639 iuvat
791 1595 977 1656 comparare
993 1572 1163 1640 Demosth.

97 1677 262 1750 XXXVI
285 1684 326 1745 45
351 1677 376 1744 sl
398 1682 433 1744 σὺ
457 1685 509 1767 μὲν
532 1681 659 1767 χλανίδα
683 1691 785 1770 φορεῖς
801 1729 808 1744 .
825 1729 855 1744 ..
882 1683 934 1744 καὶ
957 1690 1032 1764 τρεῖς
1055 1681 1165 1752 παῖδας

98 1785 285 1861 ἀκολουθους
304 1794 432 1873 περιάγει
451 1793 503 1853 καί
524 1793 578 1876 ζῇς
593 1788 727 1871 ἀσελγῶς
737 1790 770 1875 ¹).
795 1793 831 1852 ut
852 1788 998 1854 crebrum
1015 1793 1063 1853 est
1079 1787 1165 1872 apud

98 1895 219 1977 priores
237 1896 428 1962 adiectivum
443 1895 624 1973 ἀκόλουθος,
645 1897 692 1962 ita
710 1918 818 1962 rarum
838 1895 963 1961 videtur
982 1893 1164 1970 ἀκολουθία;

10 2057 11 2080 ,
98 2003 194 2067 semel
216 2004 375 2087 reperitur
403 2005 489 2090 apud
511 2004 766 2088 Xenophontem
794 2024 863 2089 cyn.
884 2002 922 2067 X
947 2006 976 2066 5.
1015 2000 1056 2068 ef.
1078 2002 1164 2067 Plat.

98 2106 216 2195 Oratyl.
233 2133 265 2194 p.
282 2114 345 2175 437
371 2109 410 2180 (l.

9 2215 10 2304 s
163 2215 349 2302 ἀκροκώλιον
365 2225 397 2302 8,
414 2223 451 2283 17
469 2217 647 2285 ἐπυνθάνετο
662 2223 756 2282 πόσου
772 2216 1017 2302 conspurcatum
1033 2216 1164 2301 pluralis

9 2305 11 2328 ί
99 2344 248 2389 numerus
271 2326 420 2392 usitatior
442 2327 612 2392 veteribus.
652 2326 749 2391 etiam
773 2324 968 2408 singularem
990 2323 1165 2389 admittunt

8 2499 9 2526 ,
100 2428 231 2497 Strattis
264 2431 468 2518 Antiphanes
501 2433 613 2500 Alexis
642 2432 788 2499 Eubulus
821 2432 950 2515 comici3
985 2430 1025 2496 cf.
1052 2430 1165 2496 Iacobi

99 2537 161 2602 ind.
179 2561 263 2605 com.
281 2561 306 2605 s.
322 2563 351 2604 v.
369 2547 510 2606 ceterum
533 2540 604 2605 vide
629 2539 750 2605 Athen.
767 2540 822 2604 ΙΙΙ
845 2561 874 2622 ρ.
894 2543 935 2603 95
959 2537 975 2603 f
993 2559 1063 2622 sqq.

8 2631 9 2710 ἕ
139 2644 311 2734 ἀναστροφή
329 2651 414 2729 30,8
431 2654 481 2713 est
503 2645 594 2714 ‘vitae
614 2645 722 2730 ratio'3
746 2648 883 2732 primum
899 2645 1054 2729 praebere
1070 2643 1163 2728 Poly-

8 2795 9 2804 ι
98 2751 183 2817 bium
200 2755 287 2819 vocis
303 2753 568 2837 significationem
592 2777 632 2820 se
656 2753 829 2838 gerendi
853 2755 1004 2837 opinatur
1018 2751 1163 2817 Kaellrer

8 2859 9 2882 ¹
98 2857 118 2922 l.
134 2881 162 2924 c.
179 2883 211 2944 p.
230 2864 304 2926 301.
336 2882 374 2926 ex
390 2860 585 2945 Polybianae
610 2862 725 2927 aetatis
749 2861 851 2927 titulis
873 2860 970 2925 hosce
994 2858 1099 2924 adfert
1114 2859 1161 2923 vir

98 2963 210 3030 doctus
228 2965 341 3048 quibus
357 2988 432 3032 usus
448 2967 500 3033 ille
517 2966 738 3034 confirmetur:
756 2965 838 3033 OIG
854 2970 949 3049 1193,
965 2970 1014 3030 19.
1034 2969 1160 3048 1331,3

8 3059 9 3120 i
98 3069 178 3137 οιΑ
202 3077 286 3137 τιτι
311 3077 362 3140 12.
389 3077 485 3158 mss,
502 3080 534 3140 9.

163 3179 277 3266 ἄρμενα
298 3184 388 3264 6,13
409 3179 520 3270 ἐπῆραν
540 3186 576 3247 τὰ
596 3181 709 3269 ἀρμενα
727 3179 825 3264 ‘vela’,
849 3181 931 3246 sicut
947 3178 1031 3264 apud
1046 3185 1161 3262 poetas

98 3285 217 3353 Teletis
246 3286 313 3353 fere
343 3289 494 3373 aequales
523 3288 632 3373 Apoll.
653 3289 760 3358 Rhod.
783 3293 814 3373 4,
836 3293 910 3356 237.
934 3292 998 3352 887
1023 3288 1160 3353 Τίτοοοτ.

98 3397 228 3476 22,13;
256 3395 368 3461 eadem
391 3395 622 3480 significatione
645 3396 762 3480 legitur
784 3395 871 3480 apud
893 3395 1007 3480 Polyb.
1024 3395 1112 3478 144,
1130 3399 1159 3462 3.

97 3495 309 3567 ‘armamenta
339 3500 441 3568 navis’
469 3504 723 3588 interpretantur
754 3503 895 3569 eiusdem
918 3503 1010 3568 XXI
1033 3505 1086 3584 45,
1110 3505 1161 3565 13.

163 3606 349 3674 ἀσπανιστίαι
380 3610 452 3676 vide
482 3610 576 3679 ἄδεια.
616 3611 765 3677 Hieracis
794 3632 910 3677 nomen
939 3633 998 3695 per
1021 3629 1160 3675 errorem

99 3742 308 3751 ᾖ*-

172 3822 191 3888 1)
211 3821 307 3876 Verba
329 3822 398 3876 mihi
416 3822 548 3878 indicavit
565 3823 661 3879 Hense
680 3823 727 3892 qui
746 3823 851 3892 aliquot
873 3820 1067 3877 Demosthenis
1084 3820 1161 3874 locos

98 3913 161 3978 apte
180 3912 336 3980 comparari
359 3929 440 3980 posse
464 3930 508 3966 me
532 3913 639 3966 monuit
663 3931 725 3967 cum
743 3912 862 3967 Teleteis
881 3913 925 3966 vel
943 3910 1062 3964 Bioneis.
1086 3909 1162 3962 velut

99 4016 179 4067 quam
197 4018 262 4055 vere
274 4000 327 4054 Bio
347 4001 525 4071 descripserit
538 4002 635 4056 aetatis
655 4019 719 4056 suae
738 4001 928 4056 condicionem
941 4001 1048 4053 elucere
1067 4015 1101 4052 ex
1119 3997 1161 4050 his

98 4087 290 4143 Demosthenis
307 4079 338 4142 X
353 4091 400 4143 68:
424 4089 465 4140 καί
490 4090 540 4162 χοίρ
567 4108 606 4142 τοι
629 4090 727 4142 τούτων
751 4092 797 4160 μὲν
821 4088 849 4141 ἐκ
875 4095 986 4158 πτωχῶν
1010 4084 1070 4139 ἔνιοι
1094 4087 1160 4156 ταχὺ

99 4173 215 4229 πλούσιοι
227 4175 363 4249 χίχνυνται,
376 4178 420 4230 καί
438 4177 468 4241 ἐξ
487 4177 662 4250 ἀνωνύμων
675 4179 729 4230 καί
742 4177 865 4240 ἀδόξων
879 4175 1002 4239 ἔνδοξοι
1015 4175 1162 4246 καὶχνώ-

99 4281 200 4334 ριμοι,
215 4265 288 4336 ὑμεῖς
302 4263 331 4317 δὲ
343 4263 499 4330 τούναντίον,
518 4266 551 4318 ἐκ
569 4270 623 4337 μὲν
637 4265 775 4339 ἐνδόξων
791 4264 915 4328 ἄδοξοι,
933 4265 966 4318 ὲκ
984 4263 1161 4337 δἐἀπόρων

98 4351 212 4426 ἄποροι
231 4356 293 4409 coll.
307 4354 365 4410 Tel.
379 4357 422 4423 40,
436 4359 461 4410 3.
480 4359 505 4410 5.
531 4356 565 4412 cf.
585 4357 669 4411 etiam
687 4356 730 4410 Ol.
744 4356 788 4410 Ι2
807 4361 835 4412 et
854 4355 912 4410 Tel.
932 4357 956 4421 3,
972 4356 1005 4408 15
1018 4374 1078 4424 sqq.

946 4464 966 4514 4
