2996 5086
761 566 981 630 ..40-

338 759 569 826 adversativam
593 763 704 843 32,16
728 762 810 846 παρὰ
832 762 865 823 τὸ
887 769 1038 847 προσηκον
1062 759 1201 847 (Krueg.
1220 765 1274 842 68,
1293 764 1344 840 36,
1370 761 1436 845 7).

341 872 579 950 componuntur
600 865 756 934 vocabula
770 888 828 950 per
843 870 926 951 παρά
940 867 1212 950 praepositionem
1235 865 1438 932 admodum

337 972 531 1056 frequenter.

405 1084 479 1165 πρός
502 1100 575 1144 cum
599 1079 744 1164 genetivo
762 1079 789 1145 si
804 1100 879 1145 vera
895 1084 980 1145 esset
995 1080 1103 1162 lectio,
1127 1081 1226 1145 semel
1244 1080 1435 1163 legeretur

338 1187 384 1252 sic
408 1191 521 1252 contra
543 1207 636 1252 usum
652 1186 840 1253 Atticorum
855 1187 1013 1271 pedestris
1038 1187 1193 1253 orationis
1210 1187 1432 1270 scriptorum

338 1292 476 1378 (Krueg.
490 1296 543 1376 52,
558 1296 587 1376 5,
602 1295 634 1378 2)
659 1296 710 1375 25,
728 1297 767 1359 13
784 1291 835 1359 ἐὰν
850 1297 903 1380 μὲν
918 1296 993 1378 πρὸς
1009 1290 1113 1377 ἑτέρων
1128 1297 1244 1381 κληθῄ.
1269 1299 1305 1359 at
1320 1300 1430 1360 recte

337 1400 451 1484 procul
476 1399 572 1466 dubio
595 1421 697 1484 nuper
719 1401 890 1484 proposuit
912 1401 1024 1467 Hense
1052 1398 1102 1466 ἐὰν
1129 1405 1181 1487 μὲν
1211 1405 1289 1486 πρὸς
1311 1399 1429 1487 ἕτερον

336 1508 442 1594 dots]
470 1529 552 1576 mus.
586 1507 691 1574 Rhen.
715 1507 816 1578 XLV
838 1530 870 1592 p.
895 1511 969 1576 552.
1003 1507 1087 1572 idem
1105 1508 1198 1574 vhanc
1226 1508 1307 1572 mihi
1336 1530 1425 1592 sup-

336 1614 463 1698 peditat
479 1614 747 1681 observationem:
771 1611 906 1681 ‘iurandi
920 1614 1077 1682 formulae
1094 1615 1181 1699 (πρὸς
1199 1617 1292 1692 θεῶν,
1314 1616 1424 1701 sim.)‚

337 1741 530 1805 quamquam
553 1721 653 1788 multa
671 1721 785 1788 harum
807 1726 876 1787 erat
901 1722 1134 1806 opportunitas,
1157 1722 1312 1807 leguntur
1337 1745 1421 1788 uus-

337 1849 443 1912 quam‚
468 1827 601 1895 deorum
624 1829 673 1896 vel
695 1828 748 1896 dei
769 1851 810 1903 ne
833 1851 950 1896 nomen
966 1829 1104 1914 quidem.
1130 1829 1219 1914 quod
1233 1829 1304 1895 noli
1319 1832 1423 1896 casui

336 1933 477 2001 tribuere
500 1935 534 2000 in
557 1937 716 2020 scriptore
743 1937 798 2021 qui
819 1957 921 2021 paene
945 1941 1035 2002 totus
1057 1935 1177 2020 pendet
1200 1957 1221 2001 a
1247 1936 1418 2022 discipulo

336 2040 519 2108 Theodori?
559 2045 654 2110 mitto
685 2044 903 2129 vulgatissima
932 2044 1178 2128 praepositionis
1207 2045 1304 2110 huius
1337 2067 1420 2111 cum

336 2150 518 2216 accusativo
548 2151 677 2216 iunctae
707 2151 851 2234 exempla
883 2150 967 2234 (vide
997 2151 1061 2216 ind.
1086 2151 1181 2239 voe).
1229 2151 1331 2236 digna
1362 2160 1418 2219 est

337 2262 445 2322 autem
467 2279 550 2341 quae
574 2263 839 2324 commemoretur
861 2263 1024 2323 structura
1046 2259 1125 2324 haec
1149 2261 1259 2340 34,13
1284 2263 1363 2346 πρὸς
1378 2265 1417 2324 τὸ

335 2373 429 2430 πονεῖν
452 2361 472 2450 ἢ
496 2367 589 2451 ζητεῖν
612 2387 638 2428 τι
661 2361 734 2429 ἐστίν
752 2368 803 2447 35,
817 2368 838 2428 4
853 2367 929 2449 πρὸς
944 2368 976 2429 τὸ
993 2366 1162 2453 φιλοσοφεῖν
1178 2368 1296 2446 γίνεται.
1320 2373 1414 2432 utro-

335 2468 431 2554 bique
461 2472 599 2537 coniecit
628 2474 702 2556 πρὸς
730 2477 772 2556 τῷ
792 2471 887 2538 Blass
911 2477 959 2537 o't.
985 2475 1157 2538 centrulbl.
1184 2476 1328 2537 189011.
1356 2477 1414 2557 30,

335 2575 423 2661 quod
455 2599 531 2643 sane
561 2579 710 2644 usitatius
741 2585 799 2646 est.
834 2577 890 2645 sed
925 2580 1019 2644 utin
1047 2578 1181 2664 Polybio
1209 2579 1414 2647 locutionem

335 2680 407 2747 εἶναι
435 2684 485 2749 vel
512 2688 645 2767 γίνεσθαι
674 2688 747 2771 πρὸς
781 2689 813 2750 τὸ
852 2707 924 2751 cum
956 2684 1044 2752 infin.
1072 2687 1193 2770 optime
1227 2686 1413 2754 Hultschio

334 2798 508 2876 praeeunte
532 2791 671 2878 (quaest.
688 2791 801 2878 Polyb.
818 2792 837 2856 Ι
856 2815 889 2876 p.
906 2793 964 2880 20)
980 2815 1083 2877 nuper
1098 2791 1189 2859 Stich
1204 2794 1225 2859 l.
1244 2816 1273 2859 c.
1289 2817 1324 2878 p.
1344 2800 1411 2861 160

336 2904 369 2964 et
394 2897 502 2964 Krebs
524 2898 544 2963 l.
567 2921 595 2968 c.
611 2922 643 2984 p.
667 2904 730 2964 123
754 2921 801 2984 sq.
817 2899 1019 2966 vindicarunt
1042 2922 1062 2966 a
1084 2898 1242 2984 Scaligeri
1265 2901 1413 2968 Diudor-

334 3003 433 3088 liique
448 3007 687 3090 mutationibus,
707 3007 753 3072 sic
768 3006 839 3072 vide
854 3029 894 3072 ne
911 3008 1058 3074 cautione
1075 3029 1156 3092 opus
1172 3009 1264 3074 sitin
1280 3009 1412 3076 Telete.

335 3113 481 3179 consulto
505 3118 613 3180 autem
637 3115 835 3180 conservavit
859 3115 965 3181 editor
981 3115 1079 3180 etiam
1100 3115 1183 3180 hano
1206 3116 1412 3184 locutionem

337 3224 423 3304 34,ss
447 3219 466 3308 ἡ
490 3225 573 3288 πενία
602 3223 710 3287 νιωλίιει
739 3225 815 3306 πρὸς
844 3226 876 3287 τὸ
907 3226 1092 3312 φιλοσοφεῖν,
1121 3245 1193 3289 cum
1228 3224 1306 3290 alibi
1339 3227 1411 3310 ipse

335 3327 450 3394 dixerit
466 3328 561 3395 Peles
587 3332 638 3413 35,
657 3334 675 3394 3
699 3331 862 3395 κωλίιονται
885 3339 936 3394 τοῦ
952 3332 1107 3418 σχολάζειν
1124 3334 1176 3414 34,
1194 3336 1213 3395 9
1229 3333 1411 3420 exatope-

334 3457 402 3509 νοος
417 3437 596 3525 φιλοσοφεῖν,
619 3437 657 3503 cf.
675 3437 800 3522 Krueg.
817 3442 870 3522 55,
884 3442 914 3522 3,
929 3442 980 3503 18.
1004 3440 1201 3523 praepositio
1219 3439 1411 3509 defenditur

334 3541 481 3626 analogia
503 3544 591 3609 verbi
614 3542 790 3630 ἐμποδίζειν,
815 3543 854 3610 cf.
881 3545 1069 3632 [Isocrates]
1093 3547 1186 3630 epist.
1208 3550 1277 3631 4p.
1293 3549 1366 3614 415
1392 3572 1409 3616 e
1495 3545 1496 3552 '

334 3646 480 3735 ἐμποδιεῖν
504 3647 591 3717 αὑτὸν
613 3655 687 3737 πρὸς
709 3653 809 3716 πολλὰ
831 3664 886 3719 τῶν
909 3658 1096 3740 πραγμάτων.
1127 3653 1341 3722 Philodemus
1368 3658 1409 3724 de
1496 3735 1497 3748 ¹

332 3756 382 3822 ira
405 3757 466 3826 col.
482 3756 618 3841 XVIII,
644 3763 685 3824 35
710 3756 828 3844 Gomp.
848 3758 1048 3847 ἐμποδίζονται
1072 3762 1105 3825 δὲ
1127 3765 1179 3826 καί
1200 3765 1276 3849 πρὸς
1297 3766 1355 3851 τὴν
1380 3763 1410 3830 ἐν

334 3864 493 3953 φιλοσοφία
516 3865 688 3954 σοναίξησιν
711 3863 770 3931 ιιτὲ.

401 3992 440 4036 ex
467 3969 513 4036 ἐπί
540 3974 787 4056 praepositionis
816 3995 886 4039 cum
914 3975 1061 4059 genetivo
1089 3976 1217 4043 iunctae
1248 3980 1409 4062 exemplis

334 4075 388 4164 (cf.
404 4079 471 4144 ind.
487 4079 573 4167 voc.)
601 4084 637 4145 ut
666 4081 801 4146 eximam
822 4103 894 4148 non
922 4082 1010 4148 nulla
1031 4083 1135 4147 minus
1157 4083 1251 4166 trita,
1275 4089 1408 4170 tempus

331 4185 493 4252 indicatur
515 4189 608 4268 47,4
630 4183 692 4251 οὐδ’
713 4185 839 4254 ἐπὶτῶν
862 4187 1015 4273 Τρωικῶν,
1044 4190 1212 4255 consilium
1242 4195 1294 4274 16,
1312 4197 1331 4256 6
1359 4194 1407 4260 ἐπὶ

334 4293 440 4357 στόλοο
472 4293 645 4381 τηλικοίτοο
678 4291 871 4383 ἐξαπεστάλη.
921 4297 1009 4380 quod
1043 4296 1170 4382 saepius
1204 4297 1323 4383 legitur
1358 4300 1402 4365 ἐ·
