2996 5086
550 644 767 703 ..43-

118 831 212 898 Οὒδὲ
235 837 301 919 γὰρ
324 843 371 900 νῦν
394 832 435 907 εἰς
458 838 490 899 τὸ
515 835 718 924 Θεσμοφόρων
741 832 873 908 ἐξουσίαν
896 833 974 920 ἔχω,
1001 831 1064 899 οὐδ’
1086 831 1117 898 αἱ
1139 858 1190 917 γο-

117 951 219 1014 νοιῖκες
235 938 275 1014 εἰς
291 945 323 1006 τὸ
338 951 389 1006 τοῦ
405 938 559 1006 Ἐνοοιλιοο
581 939 640 1006 act.
660 945 710 1025 16,
724 946 756 1006 9.
781 945 834 1024 47,
847 945 879 1007 4.
903 942 1028 1026 plenius
1046 943 1190 1026 loquitur

119 1052 174 1133 34,
193 1053 212 1113 3
235 1047 273 1114 Ἡ
296 1053 378 1115 πενία
401 1052 509 1114 toluci
531 1054 605 1136 πρὸς
628 1054 660 1114 τὸ
685 1052 871 1139 φιλοσοφεῖν,
899 1046 915 1113 ὁ
943 1050 975 1113 δὲ
999 1051 1126 1120 πλοῦτος
1149 1045 1190 1120 εἰς

117 1165 212 1220 ταῦτα
235 1162 391 1244 χρήσιμον.
406 1194 450 1204 -
466 1153 540 1221 Oria
562 1153 607 1222 εὖ.
630 1162 740 1229 πόσους
762 1159 827 1240 γὰρ
851 1155 904 1220 οἴει
920 1153 956 1219 δι’
971 1152 1107 1240 εὐπορίαν
1130 1152 1189 1219 acl.

120 1262 161 1328 de
186 1263 351 1346 particulis
374 1267 503 1349 καὶγὰρ
527 1269 559 1330 et
582 1260 650 1327 οὐδὲ
673 1268 729 1348 γάρ
751 1263 824 1328 vide
847 1262 913 1328 ind.
929 1284 998 1329 voc.
1014 1284 1046 1346 p.
1065 1267 1118 1327 68.
1137 1266 1187 1329 76.

187 1374 220 1451 γέ
231 1370 408 1453 particulae
423 1370 569 1454 exempla
583 1391 643 1436 nec
657 1371 688 1435 vi
703 1369 743 1436 ab
757 1369 944 1436 Atticorum
959 1390 1019 1434 usu
1035 1369 1189 1435 recedunt

115 1497 179 1542 nec
203 1475 423 1560 collocatione,
443 1477 514 1544 vide
529 1477 594 1543 ind.
611 1498 681 1542 voc.
705 1474 772 1541 ἀλλ’
796 1473 845 1542 οὖν
860 1500 892 1558 γε
906 1476 1025 1560 legitur
1040 1479 1094 1558 48,
1111 1481 1140 1540 2.
1156 1478 1187 1542 4.

186 1582 272 1648 idem
303 1582 370 1650 fere
396 1584 482 1650 valet
509 1584 549 1649 de
577 1583 736 1667 particula
764 1584 805 1647 δέ.
838 1589 917 1649 nota
943 1588 993 1649 est
1019 1581 1188 1648 verborum

117 1689 292 1756 collocatio
316 1690 389 1756 talis
414 1694 479 1774 2,4
502 1689 549 1754 ἐπὶ
571 1701 624 1778 τῆς
647 1691 833 1777 traconem<
856 1690 889 1754 δὲ
906 1693 992 1772 3Ο,9
1011 1692 1086 1773 πρὸς
1101 1687 1188 1772 Κρά-

116 1819 193 1884 raca
217 1797 258 1872 δὲ,
283 1796 321 1862 cl.
339 1796 464 1880 Krueg.
483 1802 535 1880 68,
558 1803 588 1878 5,
607 1800 640 1864 4.
677 1798 709 1860 δὲ
731 1797 764 1862 in
786 1797 890 1881 primo
915 1796 1069 1862 sermonis
1093 1817 1188 1862 enun-

116 1904 202 1969 tiato
230 1905 337 1988 posita
361 1908 412 1985 38,
436 1907 454 1966 3
478 1901 514 1968 El
541 1905 574 1967 δὲ
602 1905 646 1967 δεῖ
666 1901 726 1968 act.
746 1926 786 1969 ex
808 1904 969 1987 epitomae
996 1907 1112 1967 natura
1137 1923 1187 1968 re·

116 2010 260 2095 petenda
283 2012 353 2078 erit.
389 2012 421 2074 δὲ
444 2016 495 2075 rat
519 2011 710 2096 copulantur
732 2011 818 2076 haud
841 2032 915 2077 raro
937 2010 1020 2095 (vide
1035 2009 1101 2075 ind.
1117 2030 1186 2076 voc.

117 2139 143 2183 s.
160 2119 242 2204 aot),
270 2118 357 2184 velut
384 2122 410 2182 ct
438 2119 470 2182 δὲ
493 2122 545 2183 καὶ
568 2119 698 2208 διαφέρει
724 2121 775 2201 16,
799 2122 850 2182 12.
875 2120 988 2198 21,16
1012 2115 1068 2200 (cf.
1090 2117 1187 2182 etiam

115 2225 463 2312 Krueg.ae,3a,1o).
482 2225 580 2290 -ea
604 2227 636 2290 δι
661 2229 713 2307 35,
728 2230 757 2290 e.
793 2235 841 2291 νιν
864 2226 897 2289 δι
922 2229 974 2308 15,
990 2228 1040 2292 ιι.
1067 2227 1118 2306 31,
1134 2228 1185 2288 re.

117 2329 144 2396 εἰ
169 2332 202 2395 δὲ
225 2353 321 2416 saepe
344 2333 463 2416 legitur
486 2333 570 2417 (vide
592 2332 657 2401 ind.
674 2355 744 2399 voc.
766 2355 792 2398 s.
822 2330 855 2419 l).
879 2370 921 2380 -
945 2331 985 2397 de
1008 2335 1060 2418 μὲι
1076 2379 1083 2395 .
1099 2380 1130 2395 ..
1154 2331 1187 2394 δὲ

115 2439 285 2523 particulis
308 2439 379 2505 ride
401 2439 494 2505 infra.

186 2547 224 2635 δή
255 2547 431 2630 particulae
464 2547 610 2630 exempla
643 2547 824 2614 enumeravi
855 2546 921 2614 ind.
946 2568 979 2630 p.
1004 2550 1056 2612 58.
1091 2547 1185 2633 δήπου

114 2654 216 2718 semel
240 2659 363 2720 exstat:
388 2651 447 2719 οἷον
471 2655 566 2743 δήποο
592 2658 692 2737 36,1.

185 2757 236 2825 ἐάν
260 2766 293 2826 et
316 2759 351 2826 ἄν
374 2761 492 2845 legitur
520 2767 551 2827 et
579 2762 641 2828 hoc
670 2761 798 2844 quidem
820 2760 1008 2845 plerumque
1036 2781 1107 2826 cum
1135 2765 1186 2824 καί

113 2867 278 2950 particula
299 2868 443 2934 iunctum
467 2867 560 2956 (κᾶν),
584 2869 655 2934 vide
678 2867 742 2933 ind.
760 2889 828 2933 voc.
850 2889 876 2933 e.
893 2867 936 2932 ἄν.
971 2864 1033 2932 οὐδ’
1057 2865 1107 2933 ἐὰν
1131 2871 1183 2949 45,

116 2979 171 3039 17.
198 2980 339 3040 ceterum
354 2975 426 3042 vide
441 2975 506 3044 ind.
519 2997 589 3042 voc.
603 2997 627 3044 a.
641 2976 692 3041 ἐάν
708 2981 741 3040 et
757 2997 839 3059 quae
855 2996 954 3060 supra
968 2975 1075 3040 monui
1086 2998 1117 3059 p.
1131 2979 1183 3039 29.

185 3078 212 3144 εἰ
240 3083 475 3149 coniunctionis
503 3082 650 3165 exempla
676 3104 741 3148 non
770 3087 819 3148 est
846 3103 903 3147 cur
924 3088 1079 3165 repetam.
1114 3081 1185 3146 vide

112 3188 181 3253 ind.
203 3209 274 3254 voc.
294 3210 320 3254 a.
341 3187 366 3254 εἰ
397 3195 430 3256 et
458 3210 555 3273 supra
582 3211 613 3273 p.
637 3194 690 3254 29.
730 3190 816 3254 inter
843 3188 922 3273 εἴπερ
951 3189 1184 3255 coniunctionis

113 3295 264 3378 exempla
286 3318 385 3361 unum
408 3302 458 3362 est
482 3297 569 3380 quod
593 3295 825 3363 dubitationem
847 3301 975 3363 moveat
998 3300 1110 3378 46,13
1134 3299 1185 3360 καὶ

112 3401 196 3487 εἴπερ
219 3400 326 3487 ἕτερον,
350 3403 406 3469 ubi
427 3402 503 3492 ἥπερ
525 3424 629 3488 nuper
652 3405 789 3470 coniecit
812 3404 852 3470 de
875 3402 1000 3468 Arnim.

184 3509 224 3574 de
247 3507 309 3574 εἶτα
331 3509 402 3577 vide
424 3533 456 3594 p.
481 3514 534 3576 45.
576 3510 675 3575 ἔπειτα
698 3512 736 3599 δή
758 3511 876 3594 legitur
898 3514 1022 3594 4ι,11.

183 3614 247 3680 ἐπεί
276 3616 394 3702 ubique
423 3617 489 3684 fere
517 3617 687 3684 adhibetur
713 3620 744 3683 vi
774 3618 909 3701 causali,
937 3617 1049 3685 confer
1076 3624 1183 3684 tamen

115 3729 146 3808 7,
173 3728 203 3788 1.
246 3725 391 3810 exempla
418 3726 570 3810 exscripsi
598 3725 663 3791 ind.
691 3747 761 3794 voc.
787 3726 860 3792 vide
888 3731 1057 3810 praeterea
1087 3747 1184 3809 supra

111 3854 146 3915 p.
174 3835 227 3895 30.

181 3935 241 4010 ἕως
267 3936 335 4003 troo
352 3987 358 4002 .
375 3987 405 4002 ..
434 3936 565 4028 ὑφείλετο
593 3940 780 4006 insolentius
809 3940 925 4006 dicitur
953 3945 1005 4020 27,
1023 3947 1057 4024 6,
1085 3941 1182 4024 idque

112 4046 176 4110 etsi
209 4067 229 4110 a
257 4045 377 4111 Teletie
407 4045 535 4112 saeculo
565 4068 630 4112 uon
668 4047 806 4113 alienum
833 4053 1003 4131 putaverat
1032 4047 1181 4114 Meineke

112 4172 197 4218 com.
212 4151 288 4235 Vp.
307 4155 380 4234 106,
398 4153 604 4236 epitomatori
618 4154 731 4220 tribuit
741 4154 832 4221 Diels
847 4155 869 4219 l.
886 4176 913 4222 c.
930 4155 1067 4220 fortasse
1082 4158 1181 4222 recte.

111 4258 214 4324 nolim
244 4263 353 4325 tamen
380 4260 657 4343 praetervideatur
685 4259 743 4333 ἕως
770 4257 804 4325 οὗ
831 4267 864 4327 et
891 4259 949 4333 ἕως
975 4258 1043 4324 troo
1070 4260 1181 4327 eadem

111 4364 242 4431 ratione
258 4364 400 4431 adhibita
417 4387 486 4432 esse
502 4389 522 4432 a
536 4366 684 4453 Polybio.
709 4366 748 4431 cf.
765 4366 909 4433 Kaelker
923 4367 944 4432 l.
962 4389 989 4432 c.
1006 4390 1037 4453 p.
1054 4371 1117 4432 266
1135 4389 1180 4452 sq.
