2996 5086
534 629 754 690 ..37-

104 820 245 886 accedat
268 817 351 886 οὐδέν
373 818 458 908 η’ττον
483 825 568 905 36,7
594 818 661 886 ἀλλ’
684 819 767 908 ὅμως
789 818 876 887 ταῦθ’
898 819 1021 907 ὁρῶντες
1043 827 1177 910 γινόμενα

104 925 193 994 σι’)δέν
215 927 301 1016 ἦττον
324 929 550 1016 κακοδαιμονεῖν
574 929 690 1007 οἴονται,
714 929 770 995 κᾶν
794 928 857 1015 (ἐὰν
873 930 911 995 ci.
927 929 1089 1014 Mainake,
1105 930 1176 997 vide

104 1058 191 1119 quae
221 1035 387 1102 adnotavit
416 1037 543 1125 Hense)
575 1041 695 1124 πένητες
726 1036 780 1100 ὦσι
811 1037 948 1122 (Krueg.
976 1040 1028 1120 66,
1056 1041 1106 1120 13,
1131 1038 1175 1126 3).

102 1141 235 1208 brevius
260 1142 339 1208 dixit
363 1144 416 1224 32,
435 1146 475 1206 13
499 1139 526 1207 οἱ
549 1144 679 1227 βασιλεῖς
701 1140 783 1207 edroi
798 1144 914 1231 πολλῆς
929 1140 1108 1229 ἐπάρχοντες
1125 1147 1175 1208 καὶ

104 1249 276 1334 προσόδους
298 1249 431 1335 μεγάλας
453 1248 572 1336 ἔχοντες
595 1247 678 1315 οὐδέν
699 1249 785 1338 ἦττον
808 1254 989 1324 σπανίζουσιν
1011 1247 1072 1314 uri.

174 1355 240 1421 duo
265 1355 390 1421 diversa
411 1357 542 1422 notione
567 1379 600 1423 se
617 1358 780 1441 excipiunt
794 1358 965 1442 participia
982 1361 1032 1438 15,
1049 1361 1089 1422 19
1105 1354 1175 1441 παρ’

101 1461 174 1550 ἡμῖν
191 1460 327 1550 έρρουρει
342 1466 438 1551 φυγὰς
453 1461 492 1529 ὢν
509 1461 544 1526 ἐκ
559 1473 612 1550 πῐγς
624 1459 761 1541 Ἰταλίας,
778 1469 983 1550 πιστευόμενος
997 1461 1066 1550 παρ’
1078 1461 1175 1529 Ἀντι-

100 1574 190 1654 γόνῳ.
225 1568 329 1634 verbis
360 1570 509 1634 extremis
532 1570 713 1636 accuratius
737 1569 886 1636 definitur
907 1570 986 1636 illud
1012 1567 1082 1655 παρ’
1105 1568 1174 1658 ἡμῖν

100 1674 251 1765 ἐφρουρει,
276 1697 347 1741 cum
371 1677 553 1742 concessive
577 1677 703 1744 dicatur
726 1681 822 1766 φυγὰς
845 1675 884 1743 ὢν
907 1675 942 1740 ἐκ
964 1688 1017 1765 τῆς
1039 1674 1173 1751 Ἰταλίας.

100 1783 145 1852 cf.
162 1783 288 1866 Krueg.
307 1786 359 1867 66,
379 1787 430 1849 15.

172 1889 273 1957 Addo
295 1892 424 1976 potiora
448 1892 605 1976 quaedam
628 1890 668 1958 de
691 1891 1050 1977 praepositionibus
1066 1891 1171 1959 Krue-

98 1999 174 2083 geri
197 1998 280 2063 sicut
301 1998 334 2062 in
358 1998 517 2082 prioribus
541 1998 784 2082 dispositionem
808 2005 946 2065 secutus.

172 2105 422 2190 praepositionis
437 2109 512 2190 πρὸς
526 2107 620 2172 tmesi
636 2104 763 2172 averbo
779 2106 941 2172 seiunctae
958 2104 1088 2189 aliquod
1103 2128 1169 2172 ves·

98 2212 219 2296 tigium
241 2213 408 2296 agnovisse
431 2213 491 2278 sibi
513 2213 597 2278 visus
621 2218 670 2278 est
685 2211 835 2278 Meineke
860 2216 912 2296 32,
930 2217 949 2276 8
974 2213 1024 2297 (ut
1046 2217 1172 2278 taceam

101 2326 161 2402 30,
181 2322 222 2405 3),
247 2319 303 2385 sed
326 2319 397 2386 vide
421 2341 502 2404 quae
531 2319 697 2385 adnotavit
720 2319 835 2384 editor.
870 2319 938 2385 ἄνευ
962 2319 1060 2385 semel
1082 2326 1171 2403 post-

100 2427 238 2511 ponitur
262 2427 382 2493 nomini
405 2427 604 2493 substantivo
623 2431 737 2494 contra
759 2447 851 2492 usum
874 2427 1068 2510 scriptorum
1084 2426 1171 2492 Atti-

100 2555 218 2601 corum
233 2533 285 2619 (cf.
298 2533 421 2619 Krueg.
437 2535 522 2618 168,
535 2537 566 2617 4,
582 2537 598 2598 1
616 2535 653 2599 Π
665 2539 718 2618 68,
734 2535 801 2622 18).
825 2555 864 2600 ex
876 2533 1057 2601 Aristotele
1073 2557 1171 2600 unum

96 2641 197 2707 huius
224 2642 310 2708 modi
338 2641 516 2725 exemplum
544 2641 651 2708 attulit
679 2641 796 2708 Bonita
826 2641 891 2709 ind.
915 2664 947 2724 p.
973 2645 1025 2706 56.
1049 2642 1170 2708 Telelis

99 2748 311 2816 excusabitur
338 2749 480 2831 libertas
512 2749 539 2814 si
570 2749 665 2815 verba
697 2750 743 2814 sic
771 2748 887 2815 videris
919 2755 1033 2815 contra
1063 2750 1171 2834 posita

96 2859 277 2943 θαυμαστὸν
303 2861 356 2943 μὲν
378 2861 444 2941 γάρ,
469 2859 555 2944 φησὶν
571 2853 609 2938 <b
632 2854 809 2943 Διογένης>,
837 2853 862 2920 εἰ
884 2855 992 2944 Μάνης
1014 2861 1067 2944 μέν
1088 2855 1170 2922 Διο-

95 2969 227 3047 γένους
253 2962 334 3030 ἄνευ
363 2964 515 3052 δυνήσεται
544 2967 604 3051 ζῆν,
632 2962 772 3051 Διογένης
800 2964 832 3027 δέ
860 2961 941 3031 ἄνευ
964 2963 1112 3038 Μάνους
1135 2961 1169 3029 σι’)

97 3074 255 3159 δυνήσεται
277 3074 399 3156 θαρρεῖν
424 3075 476 3154 31,
492 3074 573 3154 4sq.

169 3174 199 3243 έν
214 3178 409 3262 praepositio
427 3177 601 3244 admodum
615 3177 765 3263 frequens
781 3183 829 3243 est
844 3178 878 3243 in
893 3177 1043 3260 Teleteis‚
1060 3177 1117 3244 sed
1132 3183 1169 3243 ut

96 3285 289 3351 Atticorum
313 3285 577 3351 consuetudinem
600 3286 651 3350 vix
675 3284 819 3351 excedat.
844 3285 990 3368 exempla
1016 3285 1169 3370 exscripsi

95 3393 132 3458 in
155 3391 272 3476 indice,
296 3392 338 3458 ad
361 3398 487 3476 tempus
510 3392 714 3458 indicandum
737 3393 915 3476 spectantia
938 3414 1036 3476 supra
1057 3414 1089 3477 p.
1116 3397 1166 3459 13.

168 3501 218 3565 συν
241 3520 306 3565 non
328 3499 445 3584 legitur
469 3499 555 3584 (nam
578 3499 714 3566 Homeri
738 3504 812 3565 sunt
835 3502 888 3583 25,
911 3505 940 3565 3.
964 3503 1018 3584 40,
1041 3502 1104 3585 10),
1128 3521 1166 3566 eo

97 3607 227 3691 saepius
255 3613 339 3694 μετά.
374 3605 515 3673 adverbii
542 3607 609 3673 vice
632 3607 776 3691 fungitur
798 3608 908 3673 iuncta
935 3628 1007 3673 cum
1035 3607 1168 3674 nomini·

96 3714 160 3780 bus
190 3712 362 3779 abstractis
393 3717 486 3797 3,14
516 3710 584 3778 οὐδὲ
612 3712 733 3786 ἐκείνοις
762 3718 814 3800 μέν
844 3714 903 3779 ἔστι
932 3711 993 3801 μετ’
1023 3711 1169 3802 ὠφελείας

95 3823 245 3908 χρῆσθαι,
268 3830 329 3892 τοῖς
352 3821 384 3884 δέ
407 3818 516 3903 ὀλίγοις
531 3824 583 3885 καὶ
598 3818 724 3885 εὐτελέσι
739 3825 814 3908 μετὰ
829 3823 1019 3911 σωρροσυνιγς
1038 3818 1094 3885 οἶνοι
1108 3822 1168 3886 ἔστι

95 3932 151 3993 καὶ
178 3926 310 4016 ἀιυρὶας.
346 3925 428 3994 ‘Der
455 3928 652 3995 klassischen
675 3929 751 3994 Zeit
777 3929 820 3994 ist
848 3927 935 3995 diese
962 3928 1166 3995 Ausdrueks·

94 4035 191 4100 weiss
225 4031 343 4101 fremd'
372 4035 611 4102 Meisterhans²
642 4058 675 4120 p.
701 4040 774 4102 173.
809 4034 987 4121 Polybiana
1022 4036 1167 4119 exempla

95 4143 261 4225 congessit
283 4141 340 4209 Fr.
364 4141 473 4208 Krebs
498 4147 562 4209 Die
579 4152 717 4228 prc’r'poa.
742 4147 795 4208 ber·
819 4147 977 4226 Polybius
1000 4165 1033 4226 p.
1051 4146 1092 4207 59
1117 4163 1165 4227 sq.

93 4247 162 4335 ἅμα
186 4249 283 4314 semel
306 4248 477 4316 adhibetur
499 4250 746 4334 praepositionis
769 4250 872 4315 instar
894 4253 945 4332 32,
967 4252 1005 4314 16
1030 4247 1094 4336 ἅμα
1109 4253 1165 4333 γὰρ

93 4367 132 4442 sq
157 4354 240 4442 ἀρχῇ
263 4357 361 4420 πολλὰ
386 4355 686 4422 ...ἀναπεπλάιιασι
720 4358 816 4423 etiam
839 4357 899 4423 hoc
922 4357 1050 4423 nomine
1066 4357 1165 4422 distat
