2996 5086
760 598 980 659 ...18-

336 788 418 878 ἡμᾶς
442 796 493 874 32,
513 793 554 856 18
583 795 619 855 τὰ
643 789 717 855 καθ’
740 789 861 863 ἑαοτοὺς
885 795 975 873 32,2
1000 795 1035 855 τὰ
1059 789 1088 856 ἐν
1111 796 1221 878 νεότητι
1248 794 1298 874 14,
1320 797 1340 856 3
1378 797 1439 855 τὰ

337 897 385 962 ἐπί
407 909 462 964 τῶν
485 911 603 985 τεχνῶν.

403 1006 534 1072 nomina
557 1028 638 1090 quae
667 1027 739 1072 cum
763 1002 847 1078 οὗτος
869 1007 919 1072 051
941 1003 1038 1070 οὑτοσί
1065 1006 1119 1090 (de
1146 1003 1196 1069 ὅδε
1220 1005 1291 1070 vide
1323 1004 1435 1070 infra

339 1135 370 1197 p.
388 1113 446 1199 20)
475 1118 531 1178 501
554 1111 664 1185 ἐκεῖνος
687 1112 928 1197 pronominibus
951 1113 1134 1198 iunguntur,
1159 1112 1223 1178 sive
1239 1112 1434 1195 praecedit

336 1241 516 1303 pronomen
549 1221 613 1286 sive
647 1221 866 1303 subsequitur,
899 1219 1021 1286 habent
1056 1219 1226 1285 articulum
1261 1218 1427 1302 (Krueg.

338 1332 389 1412 50,
409 1332 460 1411 11,
480 1330 551 1413 19),
581 1330 641 1393 nisi
669 1329 756 1412 quod
787 1327 877 1394 deest
907 1326 1025 1393 alicubi
1047 1328 1226 1393 nominibus
1250 1328 1426 1412 propriis:

336 1435 540 1522 Θεμιστοκλῆς
563 1434 673 1508 ἐκεῖνος
699 1439 807 1519 15,11
834 1435 964 1508 Λυκῖνος
987 1434 1097 1508 ἐκεῖνος
1123 1438 1232 1517 15,19
1258 1438 1310 1498 καὶ
1337 1433 1425 1521 Μη-

337 1543 466 1628 τροκλῆς
489 1543 522 1605 δὲ
545 1539 655 1615 ἐκεῖνος
679 1548 731 1624 29,
752 1547 790 1607 11
815 1543 873 1627 (01.
889 1542 1015 1628 Krueg.
1035 1547 1087 1626 50,
1107 1547 1158 1626 11,
1176 1544 1245 1628 22).

402 1649 518 1732 legitur
542 1647 558 1712 ὁ
581 1658 710 1722 τοιοῦτος
734 1653 787 1733 21,
808 1654 837 1714 2.
871 1653 924 1732 32,
944 1653 983 1716 12
1012 1653 1059 1714 τὸν
1082 1659 1208 1714 τοιοῦτον
1237 1652 1343 1730 26,1,
1371 1647 1418 1712 01.

337 1759 388 1836 15,
403 1760 433 1837 6,
460 1759 510 1820 12.
539 1760 588 1839 18,
605 1762 633 1820 7.
659 1760 777 1840 20,11.
797 1761 849 1839 26,
864 1762 893 1821 6.
912 1759 1008 1838 33,1.
1035 1760 1087 1838 36,
1102 1761 1136 1839 93
1159 1753 1315 1843 ἡτοιαίντη
1333 1753 1418 1819 ἀνα-

335 1869 448 1950 στροφή
470 1866 522 1945 30,
535 1869 567 1946 8,
592 1862 632 1928 01.
651 1866 770 1944 32,13.
797 1866 918 1945 35,15.
951 1861 1043 1929 55551
1058 1861 1210 1928 articulus
1227 1861 1413 1926 secundum

336 1969 618 2052 grammaticorum
647 1974 823 2054 praecepta
851 1968 994 2054 (Krueg.
1018 1972 1069 2050 50,
1091 1974 1122 2049 4,
1146 1971 1183 2054 6)
1212 1969 1246 2033 10
1275 1968 1342 2033 his:
1376 1965 1415 2030 00

335 2079 412 2139 κατὰ
435 2081 567 2164 στέρησιν
591 2087 701 2164 φρενῶν
724 2080 776 2140 καὶ
798 2085 857 2152 νοῦ,
882 2075 962 2139 ἀλλὰ
985 2077 1119 2139 τοιοὺτων
1143 2085 1254 2163 φρενῶν
1277 2077 1329 2137 καὶ
1346 2096 1413 2137 τοι-

335 2184 419 2246 cisoa
442 2191 492 2248 νοῦ
515 2186 568 2265 42,
587 2187 618 2266 9,
643 2182 682 2249 01.
700 2187 753 2264 42,
771 2189 802 2247 8.
849 2181 988 2267 ἐπιβολὰς
1015 2184 1158 2246 τοσοίντων
1186 2185 1238 2244 καὶ
1268 2183 1412 2246 τοιοὺτων

334 2287 397 2375 ἔχει
422 2293 542 2370 31,11.

401 2397 554 2462 articulus
586 2398 767 2482 pronomini
798 2396 897 2482 ἕτερος
929 2398 986 2481 (01.
1010 2397 1134 2480 Krueg.
1162 2400 1214 2478 50,
1231 2399 1264 2476 4,
1282 2395 1323 2481 8)
1356 2396 1411 2461 vel

336 2501 429 2575 ἄλλος
453 2504 517 2569 sive
541 2503 685 2571 adiectus
716 2504 779 2570 sive
812 2505 975 2570 detractus
1005 2505 1038 2569 in
1061 2504 1173 2570 Telete
1203 2503 1282 2567 nihil
1306 2501 1410 2568 habet

334 2610 507 2692 peculiare.
531 2611 602 2676 vide
624 2611 689 2676 ind.
706 2633 776 2678 voc.

401 2717 478 2782 item
502 2719 693 2784 societatum
710 2740 789 2802 quas
804 2729 863 2790 πᾶς
880 2739 951 2783 oum
971 2719 1040 2784 aliis
1059 2717 1239 2783 nominibus
1255 2718 1315 2783 init
1331 2739 1407 2782 oum

337 2824 565 2890 consuetudine
581 2823 695 2890 Attica
715 2826 901 2909 conspirant
916 2825 1081 2908 plurimae.
1112 2822 1192 2896 ἅπας
1207 2830 1265 2890 501
1288 2825 1409 2909 ξίνμπας

334 2951 399 2995 000
415 2931 542 3015 legitur.
582 2931 693 2997 confer
714 2932 813 3015 igitur
827 2933 911 2997 inter
933 2953 968 2997 se
984 2940 1034 2995 τοῦ
1049 2934 1156 3002 παντὸς
1179 2936 1289 3016 χρόνοο
1313 2935 1366 3012 38,
1386 2936 1404 2994 7

334 3036 471 3121 (Krueg.
496 3042 548 3122 50,
569 3043 619 3122 ll,
638 3040 693 3126 12)
722 3045 755 3104 51
778 3037 808 3104 ἐν
831 3038 892 3123 ὅλῳ
916 3051 955 3124 τῷ
978 3044 1032 3124 βίῳ
1060 3039 1139 3125 (hoc
1166 3038 1326 3103 0001000
1350 3058 1405 3102 oc·
1482 3071 1483 3086 .

335 3145 436 3209 currit
449 3143 519 3217 ὅλος
531 3147 644 3233 pron.)
656 3152 756 3218 παίσας
768 3151 820 3218 τὰς
832 3145 951 3233 ἡλικίας
966 3149 1048 3228 38,,5
1062 3146 1206 3232 (Krueg.
1221 3146 1405 3231 50,11,11)

333 3256 447 3317 πάντων
477 3275 520 3325 τις
549 3265 604 3318 τῶν
635 3256 770 3318 τοιοὺτων
800 3257 883 3335 33,]
917 3263 974 3318 πᾶν
1002 3256 1034 3317 τὸ
1062 3257 1310 3337 προσταττόμενον
1333 3254 1402 3334 4,5

335 3357 421 3443 (vide
451 3360 548 3424 etiam
575 3360 695 3443 Krueg.
722 3364 774 3442 50,
796 3363 827 3442 4,
854 3361 895 3445 1).
941 3365 1055 3424 πάντων
1085 3356 1257 3447 Ἀθηναίων
1290 3362 1399 3440 36,11

335 3464 424 3549 dixit,
448 3467 524 3549 quia
546 3466 679 3533 dixisset
702 3467 798 3532 etiam
813 3463 984 3554 Ἀθηναίων
1006 3487 1083 3532 0005
1106 3471 1220 3530 πάντων
1244 3465 1400 3548 detracta,

334 3573 405 3638 vide
428 3573 663 3639 Μ515150115052
685 3597 718 3658 p.
738 3578 811 3638 192.
843 3573 899 3638 sed
921 3573 1025 3638 minus
1049 3572 1290 3639 commendatur
1311 3594 1401 3638 more

336 3678 522 3746 Atticorum
556 3702 637 3764 quae
670 3681 797 3764 saepius
831 3681 950 3764 legitur
985 3679 1111 3745 dicendi
1133 3678 1270 3744 formula
1301 3676 1331 3743 ἐν
1364 3691 1400 3765 ορ

334 3790 416 3870 πάσῃ
440 3785 549 3872 ἀπορία
572 3793 604 3869 8,
627 3792 644 3850 7
674 3795 709 3852 in
733 3795 879 3853 00105015
908 3793 1044 3868 perieris
1068 3793 1182 3869 inopia
1206 3786 1270 3872 (τοῦ
1293 3791 1400 3858 παντὸς

335 3890 457 3958 ἐνδεῐται
479 3893 579 3959 habet
598 3893 764 3979 Xenopho
788 3915 877 3959 conv.
894 3892 945 3960 IV
963 3896 1014 3974 35,
1045 3893 1100 3975 qui
1119 3893 1210 3959 locus
1233 3893 1401 3976 respicitur

333 4000 416 4086 ipse)
445 3998 474 4066 ἐν
501 4011 537 4086 τῇ
568 4006 650 4085 πάσῃ
679 3999 800 4084 εὐκολία
828 4001 901 4083 8,9
929 4000 987 4084 (01.
1011 3999 1162 4067 Meineke
1185 4000 1227 4066 ad
1250 4005 1281 4082 8,
1301 4001 1338 4086 7)
1368 3999 1396 4066 ἐν
1479 4047 1480 4092 3

333 4118 369 4192 τῇ
391 4112 474 4191 παίσῃ
497 4119 616 4195 ταραχῇ
640 4113 727 4190 8,10
751 4106 832 4193 ἐντρ
847 4112 929 4191 ποίσρ
946 4105 1076 4192 ἀσχολία
1094 4110 1145 4189 34,
1158 4113 1188 4172 6.
1222 4108 1398 4174 05101000-
1479 4093 1480 4136 t

333 4214 455 4280 feratur
485 4214 582 4280 Plato
610 4215 731 4283 Phaed.
761 4237 793 4298 p.
815 4219 857 4279 82
881 4213 911 4277 Ε
935 4209 964 4277 ἐν
991 4218 1073 4297 πάσῃ
1101 4213 1221 4300 ἀμαθία
1248 4215 1397 4280 κολινδοο-

332 4326 421 4409 μένην
437 4343 469 4404 p.
489 4325 552 4386 108
569 4318 595 4386 O
612 4319 641 4386 ἐν
656 4327 738 4405 πάσῃ
755 4319 884 4408 ἐχομένη
901 4318 1009 4402 ἀπορία
1026 4319 1125 4403 Soph.
1143 4343 1175 4404 p.
1190 4325 1253 4385 250
1270 4321 1301 4386 D
1316 4328 1395 4408 πάσρ
