2996 5086
733 604 952 664 „50-

308 794 506 878 frequentius
532 817 648 862 nomen
669 801 717 862 est
737 797 901 882 111166χὶ61
932 795 1018 878 apud
1038 795 1172 861 eundem
1189 796 1207 861 Ι
1224 799 1267 861 64
1281 795 1381 860 XXI

312 907 367 984 163
396 903 512 988 Polyb.
537 903 594 970 HI
628 906 679 985 64,
705 909 734 970 8.
760 903 793 971 V
819 906 869 983 15,
895 909 924 970 6.
962 902 1173 968 Plutarchum
1203 904 1265 970 hoo
1292 902 1380 968 libro

309 1031 341 1092 p.
361 1013 423 1075 112
447 1008 474 1075 O
501 1013 562 1076 117
586 1007 637 1075 E‘.

378 1118 613 1186 κατακολουθῶε
638 1120 693 1198 44,
712 1121 730 1180 3
754 1121 806 1204 τὴν
829 1116 862 1180 δὲ
884 1117 1178 1182 κατακολουθοῦσαν.
1219 1116 1282 1182 166
1309 1121 1381 1181 rer'-

309 1223 385 1290 bum
406 1223 552 1289 Kaelker
574 1225 596 1288 l.
614 1246 642 1289 6.
658 1247 691 1308 p.
709 1228 771 1289 301
796 1225 880 1289 inter
899 1222 1055 1290 vocabula
1077 1246 1160 1308 quae
1182 1224 1382 1290 adamaverit

308 1330 464 1416 Polybius
487 1335 561 1397 ante
583 1332 688 1415 ipsum
710 1331 864 1397 inusitata
888 1337 1064 1397 enumerat.

375 1441 489 1522 κοροζῶ
523 1438 679 1504 translate
713 1437 833 1504 dictum
869 1437 908 1503 de
941 1438 1071 1520 stupido
1107 1435 1141 1524 (ἢ
1174 1439 1320 1526 διαφέρειν
1352 1461 1383 1502 τι

308 1542 420 1632 ἐκείνην
450 1543 569 1630 ὄρνιθος
598 1548 770 1632 κοροζώσης
799 1542 859 1632 ἡγῇ
894 1544 1020 1632 13,13)
1049 1545 1222 1629 repetitmn
1249 1545 1382 1610 videtur

309 1674 348 1718 ex
371 1673 517 1717 sermone
540 1652 674 1735 vulgari.
713 1651 797 1716 inter
820 1651 946 1734 priores
969 1652 1068 1718 semel
1095 1650 1192 1718 habet
1214 1651 1311 1718 Plato
1337 1652 1381 1717 de

308 1779 375 1842 rep.
391 1781 423 1841 p.
442 1761 504 1823 343
530 1756 574 1823 Α.
610 1757 654 1824 of.¹
668 1757 779 1824 Hense
801 1780 834 1842 p.
850 1757 962 1828 XLV.
1252 1805 1257 1814 ·

374 1865 666 1953 montemaltum,
676 1871 706 1929 7.
720 1865 759 1931 61.
772 1866 852 1931 Eur.
860 1864 947 1951 Oyol.
961 1868 1036 1948 400,
1049 1865 1134 1932 unde
1144 1865 1382 1932 fortassevenit

308 1972 349 2039 ad
365 1973 568 2057 posteriores,
593 1973 679 2040 velut
694 1972 808 2059 Polyb.
824 1973 844 2038 I
860 1976 913 2057 21,
932 1977 949 2037 1
967 1978 1000 2038 61
1018 1972 1098 2040 Luc.
1115 1995 1179 2041 ver.
1195 1973 1269 2041 hist.
1286 1972 1306 2037 Ι
1321 1976 1380 2038 40.

374 2085 575 2167 μεμψιμοιρῶν
600 2084 629 2164 3,
655 2083 695 2146 12
723 2102 744 2146 1
770 2081 971 2164 superiorum
996 2080 1122 2145 dicendi
1144 2101 1204 2146 usu
1227 2081 1380 2146 alienum.

307 2187 424 2271 legitur
438 2186 533 2256 Dem.
556 2187 596 2252 de
620 2208 729 2254 coron.
748 2191 799 2271 74,
824 2187 881 2253 661
904 2187 937 2252 in
959 2187 1185 2272 psephismate,
1209 2187 1295 2273 apud
1312 2188 1380 2253 Po-

308 2292 382 2379 tyb„
406 2293 505 2360 Diod.
530 2293 606 2379 Sic,
630 2295 727 2378 Plut,
751 2295 832 2363 Luc.

374 2403 539 2486 μωκᾱσθαι
569 2405 600 2483 2,
637 2404 692 2484 153
725 2405 905 2486 μωκώμενος
933 2399 1032 2466 habet
1062 2401 1224 2484 Epicurus
1255 2421 1287 2483 p.
1321 2404 1379 2484 62,

309 2511 328 2571 3
344 2506 470 2575 Vsener
486 2506 612 2594 (Iraert.
628 2506 665 2571 X
685 2506 777 2593 127)3
800 2506 1007 2576 Philodemus
1031 2507 1071 2574 de
1093 2509 1149 2573 vit.
1165 2507 1186 2576 l.
1203 2507 1241 2571 X
1265 2510 1305 2570 33
1323 2507 1382 2575 ed.

308 2613 448 2698 Sauppe.
476 2614 634 2680 invenitur
662 2614 758 2680 etiam
789 2614 876 2699 apud
905 2613 1157 2698 Aloiphronem,
1191 2613 1379 2680 Aelianum.

246 2773 249 2780 .
308 2725 451 2787 ceterum
465 2724 706 2808 aucuparentur
719 2721 847 2788 exhibet
859 2719 1019 2787 Arrianus
1031 2722 1139 2806 Epict.
1154 2721 1245 2788 ench.
1258 2726 1317 2803 223
1335 2720 1380 2786 of.

308 2849 390 2912 quae
401 2828 532 2912 collegit
540 2827 672 2895 Maroks
682 2829 782 2914 symb.
793 2851 837 2895 cr.
850 2828 902 2895 ad.
911 2829 1096 2913 epistologr.
1106 2851 1154 2914 gr.
1164 2853 1195 2915 p.
1209 2832 1249 2893 12
1259 2827 1333 2894 adn.
1345 2834 1380 2893 2.

373 2944 558 3022 παρακοιτεῐν
583 2940 635 3020 33,
654 2939 676 3000 4
698 2945 908 3020 παρακοιτοῠσι
929 2935 1007 3001 ibid.
1036 2958 1102 3002 non
1132 2936 1291 3002 invenitur
1315 2935 1380 3000 nisi

307 3044 394 3127 apud
416 3044 587 3130 Polybium
618 3049 651 3109 61
682 3044 768 3128 apud
795 3044 880 3109 huno
908 3045 1037 3128 quidem
1065 3065 1139 3110 cum
1167 3044 1275 3110 dativo
1299 3064 1381 3109 con-

306 3152 449 3216 iunctum
472 3156 528 3217 aut
551 3173 623 3216 oum
646 3151 884 3235 praepositione
906 3155 996 3235 παρά.
1130 3151 1132 3155 ’

373 3261 652 3346 παρασφραγίσηται
676 3260 764 3342 28,1
790 3263 1040 3348 παρεσφράγισται
1064 3261 1150 3343 28,3
1175 3264 1224 3325 661
1246 3257 1379 3324 aliunde

307 3388 370 3432 non
387 3372 510 3432 notum.
541 3364 601 3430 luit
626 3387 697 3430 cunr
714 3366 892 3432 conicerem
907 3365 1112 3432 librariorum
1128 3387 1239 3432 errore
1259 3387 1380 3450 παρασ-

307 3476 501 3562 φραγὶζεοθαι
524 3471 688 3538 confusum
712 3493 781 3538 esse
805 3493 877 3537 oum
900 3471 1185 3561 ἀποσφραγίζεσθαι.
1212 3474 1275 3539 hoo
1291 3473 1378 3538 enim

305 3579 422 3663 legitur
444 3580 524 3644 Eur.
548 3577 655 3645 Orest.
682 3583 777 3644 1108.
811 3583 1092 3667 παρασημαίνεσθαι
1115 3580 1221 3646 dicere
1244 3579 1379 3646 Atticos

306 3690 446 3751 testatur
461 3685 584 3753 Moeris
606 3707 638 3770 p.
656 3691 719 3751 207
744 3685 847 3752 Bekk.

372 3793 655 3880 παρευδοκιμεῖσθαι
673 3797 723 3877 18,
742 3798 777 3876 73
794 3793 884 3860 notio
901 3795 1028 3878 passiva
1043 3795 1180 3861 recurrit
1195 3794 1281 3877 apud
1292 3794 1378 3862 Luc.

306 3898 420 3964 Herm.
439 3902 491 3963 51.
1074 3985 1078 3991 ¹

372 4017 524 4089 παροπτᾶν
549 4010 639 4090 2,17
668 4004 789 4072 habent
811 4008 1007 4073 recentiores
1030 4007 1160 4093 Polyb„¹
1177 4006 1277 4073 Diod.
1300 4005 1378 4091 Sic„

305 4107 397 4193 Luc,
423 4111 476 4177 alii
500 4113 601 4179 multo
625 4113 832 4198 posteriores.

371 4219 558 4306 πενητεὺουσι
575 4224 680 4303 10,12
694 4219 1014 4285 vocabulumrarum.
1039 4219 1255 4303 Empedocles
1267 4241 1297 4284 v.
1312 4225 1379 4286 234

306 4321 355 4386 61.
368 4323 512 4392 Karsten
526 4325 646 4414 ὄμματα
659 4375 666 4389 .
683 4374 690 4389 .
707 4327 916 4413 ,πενητεὺοντα
929 4330 1077 4413 μετώπων.
1101 4326 1306 4413 Ps.-Pnocyl.
1318 4331 1374 4393 28.
