2996 5086
746 572 967 634 ...46-

391 763 431 831 de
461 763 738 830 coniunctionibus
761 761 856 849 ὅμως,
885 761 947 840 ὅτε,
976 761 1060 841 όταν,
1083 761 1127 827 ότι
1149 782 1248 847 supra
1271 765 1393 830 monui.

322 874 453 954 praeter
478 867 522 934 ότι
548 870 738 954 particulam
759 870 878 954 legitur
900 870 997 934 etiam
1025 871 1097 935 διότι
1122 873 1210 951 35,2
1239 868 1299 956 οὐχ
1321 869 1395 956 ὁρᾷς

323 978 395 1044 διότι
426 982 479 1061 37,
507 982 526 1042 9
558 979 650 1060 λέγειν
680 978 761 1054 διότι,
792 977 929 1060 denique
955 981 1006 1057 36,
1038 982 1078 1042 10
1102 976 1218 1042 &actas
1243 979 1316 1042 διότι
1340 978 1395 1044 ubi

323 1086 480 1152 siveram
512 1085 555 1150 sit
578 1085 664 1161 διότι,
693 1083 829 1150 fortasse
860 1085 957 1150 etiam
989 1087 1105 1166 36,13
1133 1087 1184 1148 καὶ
1212 1085 1284 1149 διότι
1307 1085 1393 1170 (libr.

322 1195 374 1255 καὶ
405 1189 462 1277 ὅτι)
493 1190 697 1258 scribendum
731 1212 801 1256 esse
834 1196 970 1276 propter
1002 1191 1218 1257 membrorum
1252 1192 1394 1275 aequali-

321 1304 423 1365 tatem
445 1303 556 1365 monet
578 1298 700 1365 Hense.
733 1320 808 1364 rara
834 1298 1013 1382 particulae
1037 1299 1108 1362 διότι
1131 1299 1217 1382 apud
1242 1305 1393 1365 oratores

323 1405 468 1490 exempla
502 1411 668 1472 enumerat
696 1404 897 1472 Schoemann
933 1406 976 1471 ad
1010 1405 1139 1471 Isaeum
1173 1428 1206 1489 p.
1235 1409 1317 1490 254,
1353 1406 1391 1472 cf.

322 1513 476 1580 Benseler
499 1513 538 1579 de
560 1513 652 1578 hiatu
674 1535 707 1597 p.
733 1515 784 1594 14,
809 1512 909 1578 multa
932 1512 1020 1596 apud
1035 1512 1247 1579 Aristotelem
1271 1513 1391 1580 Bonitz

321 1620 387 1691 ind.
410 1643 443 1704 p.
461 1625 543 1686 200¹'
559 1626 612 1686 39.
636 1621 669 1686 in
684 1620 785 1686 titulis
802 1619 922 1685 Atticis
938 1618 1085 1703 exempla
1100 1624 1175 1686 ante
1191 1642 1312 1686 annum
1328 1626 1390 1685 300

321 1752 351 1794 a.
375 1726 451 1795 Ohr.
475 1749 541 1793 non
563 1733 737 1812 suppetunt
759 1727 962 1813 (ΜόίετόιἸι.2
978 1750 1010 1811 p.
1029 1731 1104 1810 211,
1128 1728 1196 1813 28).
1214 1729 1316 1793 utitur
1332 1727 1390 1792 hac

321 1834 580 1920 formaPolybius
589 1841 626 1902 ut
637 1835 918 1902 devitetvocalium
930 1836 1184 1918 concursionem,
1195 1834 1235 1903 cf.
1245 1834 1392 1901 Kaelker

320 1944 342 2009 l.
366 1965 394 2009 c.
418 1966 450 2027 p.
476 1947 539 2008 243
565 1949 598 2010 et
621 1940 711 2010 Stich
733 1943 755 2008 l.
779 1965 808 2009 c.
832 1966 864 2027 p.
890 1947 955 2009 204
979 1965 1026 2027 sq.

388 2051 428 2116 de
456 2051 628 2133 negatione
652 2047 700 2127 οὐ,
725 2047 783 2136 οὐχ
811 2047 892 2137 (οὐχί
917 2072 984 2116 non
1010 2048 1129 2133 legitur
1152 2050 1212 2115 nisi
1238 2050 1273 2114 in
1296 2072 1392 2116 versu

321 2157 516 2224 Philemonis
541 2161 592 2238 31,
606 2159 640 2243 9)
665 2153 734 2221 οὐδὲ
749 2156 820 2222 vide
835 2155 901 2221 ind.
918 2178 988 2226 voc.
1005 2153 1110 2222 οὔκουν
1129 2178 1195 2223 non
1215 2158 1276 2222 nisi
1293 2158 1391 2223 semel

322 2269 426 2330 exstat
452 2268 503 2347 17,
523 2268 573 2329 12.

388 2369 437 2438 οὖν
467 2372 643 2456 particulae
672 2392 763 2436 usum
792 2371 950 2437 rariorem
979 2391 1078 2455 supra
1109 2370 1236 2436 exhibui
1268 2393 1301 2454 p.
1337 2377 1387 2456 33,

322 2479 361 2545 de
384 2479 564 2545 tritioribus
588 2479 773 2545 consulatur
795 2478 891 2544 index
905 2499 975 2544 voc.

388 2609 417 2649 τε
434 2635 440 2649 .
460 2635 466 2650 .
486 2637 493 2652 .
516 2590 568 2650 καί
590 2585 766 2670 particulae
789 2585 877 2650 nullo
901 2585 1000 2650 verbo
1024 2584 1216 2667 interposito
1240 2607 1310 2650 non
1334 2587 1391 2651 nisi

321 2691 419 2758 semel
446 2713 481 2758 se
509 2693 671 2776 excipiunt
703 2696 790 2774 12,2
821 2689 931 2777 ἱλαρῶς
958 2715 988 2757 τε
1011 2695 1062 2756 καὶ
1085 2688 1217 2765 εὐκόλως
1239 2692 1294 2776 (cf.
1318 2693 1390 2758 Pla-

320 2801 405 2865 tonis
428 2799 524 2866 verba
547 2799 588 2864 ab
612 2800 735 2866 editore
759 2799 884 2885 citata).
919 2820 1086 2882 perrarum
1115 2798 1179 2864 hoc
1203 2820 1275 2864 essa
1299 2806 1339 2865 ut
1361 2802 1391 2865 in

321 2906 422 2972 titulis
446 2906 566 2972 Atticis
595 2907 640 2972 sic
668 2907 700 2971 in
729 2906 910 2972 oratoribus
937 2905 1167 2972 demonstravit
1190 2905 1284 2972 Fuhr
1310 2930 1389 2974 mus.

321 3014 425 3078 Rheu.
441 3012 608 3078 XXXIII
622 3035 653 3096 p.
672 3017 736 3078 578
754 3034 802 3096 sq.
825 3013 941 3078 horum
956 3013 1008 3078 vix
1024 3011 1207 3078 dissimilem
1229 3014 1390 3080 rationem

321 3125 451 3185 secutus
475 3124 524 3184 est
546 3120 717 3204 Polybius,
744 3120 815 3186 vide
838 3119 859 3183 l.
881 3140 909 3183 c.
930 3141 962 3202 p.
981 3123 1044 3183 682
1068 3118 1142 3187 adn.
1161 3124 1190 3184 2.
1226 3121 1389 3186 seiunctae

320 3227 470 3310 leguntur
493 3226 670 3309 particulae
694 3230 785 3309 46,8
810 3225 850 3291 cf.
869 3229 921 3308 33,
940 3231 970 3290 6.
1004 3247 1064 3309 per
1086 3231 1178 3292 τό...
1200 3231 1231 3290 τό
1254 3227 1388 3310 iungun-

320 3340 374 3400 tur
398 3334 461 3400 duo
485 3335 651 3400 enuntiata
675 3337 762 3418 29,4
784 3331 896 3405 ἐκεῖνός
911 3357 940 3397 τε
962 3337 1018 3417 γὰρ
1034 3330 1069 3398 ἂν
1084 3338 1223 3418 πρότερον
1235 3384 1243 3396 .
1256 3383 1284 3397 ..
1309 3336 1388 3418 διαό

321 3447 424 3529 ραγείη
446 3492 453 3506 .
476 3494 515 3511 ..
546 3439 632 3514 οὗτός
663 3465 693 3506 τε
723 3439 778 3508 οὐκ
806 3439 841 3506 ἂν
864 3438 936 3505 ποθ’
959 3439 1130 3528 {acupieta
1168 3447 1243 3524 post
1264 3444 1388 3507 πλοῦτόν

240 3567 243 3572 ·
319 3573 351 3613 τε
380 3552 436 3632 γὰρ
466 3550 599 3613 πλεῖστον
635 3546 722 3614 αὐτὸν
752 3548 830 3634 ἔχειν
858 3548 1001 3633 pergitur
1034 3548 1254 3631 neglegentius
1284 3549 1326 3613 ἔτι
1357 3549 1387 3612 δὲ

321 3656 408 3728 δόξαν
431 3651 572 3740 ὑπάρχειν
595 3652 674 3740 αὐτῷ
699 3659 751 3738 35,
769 3661 800 3721 8.
835 3654 875 3720 cf.
891 3654 1016 3738 Krueg.
1034 3658 1087 3738 69,
1106 3658 1158 3739 16,
1176 3659 1206 3720 6.

388 3760 429 3834 ὡς
456 3762 634 3845 particulae
664 3762 810 3846 exempla
831 3761 896 3829 ind.
917 3783 985 3828 voc.
1009 3761 1144 3828 collecta
1170 3783 1234 3827 non
1259 3767 1311 3828 est
1332 3784 1386 3828 our

320 3874 476 3953 repetam.
499 3870 588 3952 quod
606 3870 724 3953 legitur
746 3874 809 3952 6,6
832 3866 874 3942 ὡς
889 3866 1004 3953 ἑτέρως,
1025 3890 1134 3952 perse
1154 3890 1194 3935 ne
1210 3869 1243 3934 id
1261 3870 1384 3953 quidem

321 3975 361 4042 ab
377 3975 563 4042 Atticorum
586 3977 816 4043 consuetudine
840 3976 977 4041 alienum
1002 3982 1061 4041 est.
1094 3976 1151 4041 sed
1174 3982 1250 4060 apte
1274 3998 1384 4060 nuper·

320 4084 399 4150 rime
423 4083 594 4150 coniecisse
609 4084 735 4150 videtur
749 4083 875 4149 Hensio
892 4082 1007 4149 Nauck
1024 4081 1074 4148 ἐὰν
1091 4083 1124 4148 δὲ
1140 4080 1233 4155 οὕτως
1257 4081 1385 4172 [ἑτέρως]

321 4190 394 4256 coll.
412 4196 442 4274 9,
462 4195 491 4254 7.
