2996 5086
536 601 755 661 -25-

182 799 318 878 τρόπαιον
334 791 446 857 ἱστάναι
462 798 494 858 et
508 790 649 858 ἵστασθαι
669 813 771 876 aeque
792 793 889 858 estin
904 812 963 856 usn
979 791 1183 872 Atticorum3

125 901 256 968 activum
275 901 366 984 ponit
386 899 600 986 Thucydides,
625 898 666 964 of.
682 898 807 984 Krueg.
827 902 990 982 52,10,6.
1029 898 1076 963 sio
1098 896 1185 981 apud

122 1008 261 1075 Teletem
285 1008 381 1074 etiam
404 1005 519 1072 Crates
546 1010 633 1090 lo‚3
664 1011 780 1094 στησεις
807 1010 943 1090 τρόπαιον
972 1007 1050 1068 κατὰ
1077 1008 1184 1076 πενίας.

122 1115 160 1186 of.
176 1115 261 1180 Plut.
279 1115 319 1181 de
335 1113 439 1180 cohib.
456 1114 504 1179 ira
518 1136 551 1198 p.
563 1117 628 1177 457
644 1112 693 1177 D:
718 1115 750 1176 τὸ
775 1109 801 1176 δ’
820 1109 850 1175 ἐν
873 1117 956 1199 ψυχῇ
980 1121 1084 1198 στησαι
1106 1115 1184 1174 κατὰ

120 1226 214 1307 θυμοῖ)
238 1226 375 1306 τρόπαιον
398 1218 456 1284 κτέ.
493 1218 633 1286 Cratetis
656 1219 791 1304 aiterum
813 1219 953 1286 eiusdem
976 1218 1183 1302 metaphora-e

120 1329 292 1413 exemplum
309 1327 411 1394 debeo
423 1327 562 1393 Hensio:
584 1325 677 1393 Stob.
690 1326 760 1395 flor.
775 1331 805 1408 6,
816 1329 856 1390 39
869 1349 900 1411 p.
912 1327 972 1390 151
986 1325 1086 1390 Mein.
1100 1335 1183 1390 τοῦτο

119 1447 170 1524 της
177 1433 329 1524 Ἑλλήνων
338 1434 484 1519 ἀκρασίας
496 1439 632 1519 τρόπαιον
644 1433 773 1522 ἕστηκεν.
794 1435 825 1498 in
835 1433 929 1499 titulo
938 1433 1052 1498 Attico
1063 1432 1183 1498 saeculi

123 1544 225 1625 quarti
247 1542 311 1626 legi
333 1546 470 1626 τρόπαιον
493 1538 606 1606 ἱστάναι
624 1546 735 1608 monet
750 1540 987 1606 Meisterhans²
1009 1563 1040 1624 p.
1060 1542 1135 1622 155,
1152 1545 1181 1607 6.

179 1650 317 1715 activum
341 1670 413 1733 oum
435 1648 623 1732 pronomine
647 1647 797 1714 reflexivo
826 1648 930 1731 iungit
952 1647 1048 1712 Telos
1076 1649 1109 1711 in
1132 1646 1181 1712 his

119 1761 179 1838 6,8
201 1754 290 1821 αὑτὸν
313 1760 538 1840 παρασκευάσαι
562 1760 647 1839 6,11
672 1758 942 1839 παρασκευάζουσιν
964 1752 1072 1827 αδτοὺς
1095 1755 1183 1819 δυνα-

118 1868 229 1949 μένους,
255 1863 295 1932 of.
318 1863 443 1946 Krueg.
462 1867 514 1947 52,
533 1867 584 1944 10,
603 1867 633 1928 9.

179 1972 219 2035 [n
247 1976 475 2055 temporum
502 1992 562 2035 usu
585 1970 652 2036 fere
677 1970 824 2036 convenit
848 1969 953 2036 Teleti
984 1989 1056 2033 oum
1086 1969 1181 2051 serip-

116 2077 240 2143 toribns
263 2077 402 2160 Atticis3
437 2098 540 2162 pauca
573 2077 671 2162 igitur
703 2098 817 2144 moneo
852 2082 967 2160 utpote
1000 2081 1180 2141 memoratu

116 2185 252 2250 fortasse
277 2184 430 2268 digniora.

178 2293 213 2356 in
235 2290 341 2356 verbis
367 2295 418 2374 36,
440 2295 480 2356 lo
504 2289 531 2355 οἱ
554 2300 676 2356 τοιοῦτοι
699 2292 731 2356 δέ
754 2314 805 2378 μοι
828 2293 962 2356 δοκοῦσιν
985 2289 1040 2356 odet
1062 2291 1179 2356 ἀκοὺειν

114 2400 182 2463 διότι
196 2396 441 2486 Ἀριστείδης...
457 2396 642 2485 ἐντιμότατος
657 2397 692 2485 ἠν
716 2399 804 2482 quod
826 2399 944 2482 legitur
968 2400 1102 2463 δοκοῦσιν
1125 2395 1180 2462 οὒκ

114 2504 229 2570 ἀκοίειν
252 2505 337 2570 idem
360 2505 434 2572 fere¹
451 2511 500 2572 est
523 2512 620 2589 atque
644 2503 698 2569 οὐκ
721 2503 891 2571 ἀκοὺουσινε
921 2527 1072 2589 praesens
1101 2511 1179 2570 tem·

115 2634 174 2696 pus
190 2634 256 2696 quo
272 2612 369 2677 modo
384 2612 633 2697 intellegendum
653 2613 695 2678 sit
715 2613 853 2696 explicat
869 2613 1021 2696 Krueger
1037 2616 1089 2694 63,
1106 2618 1133 2695 1,
1147 2618 1177 2682 2.

113 2725 145 2784 at
159 2719 342 2802 Diogenem
366 2719 525 2787 dicentem
547 2719 625 2786 facit
645 2720 740 2786 'Peles
764 2733 864 2810 ρυνης
886 2720 1047 2808 ἀκηκοέναι
1070 2726 1179 2795 κακίας

112 2824 218 2914 ἑαυτὴν
235 2823 408 2914 αἰτιωμένης
422 2825 481 2890 κιέ.
499 2832 529 2910 5,
546 2831 596 2895 12.
627 2828 714 2911 quod
726 2849 791 2893 non
803 2828 970 2894 mirabitur
985 2830 1039 2912 qui
1054 2830 1179 2894 noverit

109 2955 201 2999 usum
225 2934 378 3017 temporis
393 2933 536 3018 perfecti.
576 2933 737 3022 ἀκηκοέναι
757 2935 834 3001 dicit
850 2935 998 3022 Oynious,
1024 2936 1099 3019 quia
1118 2957 1178 3001 vox

109 3045 219 3115 κακίας
248 3042 338 3124 qnasi
362 3047 455 3107 sonat
478 3042 583 3106 adhuc
605 3042 637 3107 in
662 3042 792 3108 auribus
816 3044 882 3109 eius
905 3045 1067 3128 mentique
1096 3044 1177 3110 adeo

109 3147 206 3214 infixa
230 3154 278 3214 est
301 3156 338 3215 ut
361 3149 584 3216 excusationes
606 3151 697 3234 istae,
721 3151 835 3235 quibus
859 3172 892 3217 se
908 3152 969 3236 ipsi
990 3153 1107 3218 aliosve
1122 3150 1178 3217 fal-

110 3254 175 3321 lere
207 3254 310 3320 solent
339 3256 577 3341 homunciones,
610 3258 755 3324 deridere
788 3280 853 3324 non
877 3259 1010 3328 desinat.
1066 3260 1178 3325 eadem

110 3361 235 3427 ratione
260 3363 460 3446 explicantur
486 3363 567 3431 haec
596 3362 688 3440 οὕτως
711 3365 919 3452 ἀντέστραπται
942 3380 981 3453 τῷ
1004 3366 1138 3456 ἡμετέρῳ
1161 3365 1177 3432 ὁ

109 3466 227 3533 ἐκείνων
249 3475 359 3554 τρόπος
382 3475 494 3555 23,13
519 3469 545 3536 οἱ
568 3474 802 3561 παραλελυμένοι
825 3479 877 3549 τὰς
899 3486 1004 3561 χεῖρας
1028 3480 1080 3558 28,
1099 3481 1118 3540 9
1143 3473 1177 3540 od

107 3588 211 3648 κακῶς
232 3573 281 3641 οὖν
303 3575 372 3642 οὐδὲ
392 3577 552 3668 Σοφοκλῆς
566 3585 707 3669 πεποίηκε
724 3583 845 3664 λέγοντα
860 3586 908 3648 τὸν
925 3581 1062 3649 Οἰδίπουν
1080 3587 1131 3667 36,
1146 3587 1177 3647 3.

108 3705 167 3749 neo
201 3683 295 3749 aliter
325 3689 446 3769 42,13.
476 3690 600 3769 44,12.
646 3689 733 3754 hand
763 3712 838 3756 raro
870 3691 970 3774 igitur
1000 3691 1177 3776 perfectum

109 3795 237 3874 tempus
261 3793 434 3859 comitatur
456 3816 619 3879 praesens
643 3796 730 3861 velut
753 3796 786 3861 in
808 3797 857 3863 his
882 3802 967 3882 23,7
991 3800 1106 3884 βλέπων
1126 3804 1177 3864 καί
1248 3791 1249 3796 ’

109 3903 248 3985 κεχηνὼς
273 3902 384 3982 32,17
409 3898 473 3987 ἅμα
496 3906 553 3987 γὰρ
576 3913 612 3989 τη
636 3902 718 3991 ἀρχῇ
741 3906 840 3969 πολλὰ
863 3909 899 3970 τὰ
927 3905 1074 3988 ἀναγκαῖα
1104 3905 1177 3973 ἀνα-

108 4007 287 4083 πεπλάκασι,
316 4011 368 4071 καὶ
398 4006 462 4073 odra
490 4021 543 4098 της
570 4010 668 4099 ἀρχῆς
691 4011 854 4100 ἀποστῆναι
876 4023 1082 4099 προαιροῦνται
1105 4012 1175 4100 κτὲ,

108 4111 147 4180 cf.
167 4115 219 4196 39,
233 4118 264 4181 6.
303 4135 406 4197 neque
429 4116 544 4181 mirum
567 4118 655 4200 qnod
677 4119 737 4184 hac
753 4121 879 4187 ratione
894 4122 1017 4204 aliquot
1032 4121 1176 4206 perfecta

108 4220 199 4302 qussi
221 4220 306 4286 inter
327 4225 511 4305 praesentia
533 4226 691 4290 numerari
708 4233 842 4308 possunt
858 4227 995 4312 (Krueg.
1014 4231 1065 4311 63,
1081 4234 1110 4311 3,
1126 4229 1174 4316 3);

106 4330 253 4416 κέκτημαι
277 4332 330 4413 24,
344 4333 374 4398 3.
399 4335 509 4413 27,14
531 4337 683 4420 κέχρημαι
708 4338 804 4419 3,12.
