2996 5086
783 601 976 658 ..6.-

346 790 391 858 aa
408 792 529 879 Θρόρκης
552 794 775 876 καθεσταμένος
798 787 853 854 ὑπὸ
869 788 1067 875 Πτολεμαίου.
1099 789 1177 854 haec
1193 795 1242 854 est
1257 789 1360 855 forma
1378 795 1414 853 ut

345 920 411 965 non
442 920 463 964 a
494 898 631 985 Polybio
665 897 714 982 (X
742 900 775 981 4,
792 902 822 962 6.
857 896 908 963 IV
937 898 1043 984 84,1)
1075 897 1121 962 ita
1152 918 1172 962 a
1204 896 1413 979 scriptoribus

346 1005 466 1072 Atticis
485 1006 589 1072 aliena
605 1006 806 1092 (διεσταμένος
822 1003 920 1070 habet
937 1004 1009 1070 cod.
1023 1003 1099 1069 Par.
1115 1004 1150 1069 A
1166 1003 1311 1069 Platonis
1327 1003 1413 1070 Tim.

344 1136 375 1198 p.
400 1117 441 1178 81
467 1112 532 1200 D),
564 1111 604 1179 cf.
629 1111 782 1180 Κιιυλυ.Β
813 1110 924 1200 ξ283,
953 1115 1027 1195 3ρ.
1053 1115 1128 1179 647.
1161 1112 1414 1178 conservandam

347 1241 415 1286 esse
442 1219 577 1286 formam
608 1219 694 1302 apud
723 1218 868 1284 Teletem
898 1218 1097 1300 demonstrat
1120 1217 1226 1284 Oobet
1255 1239 1413 1284 mnemos.

345 1328 401 1394 IX
416 1350 447 1411 p.
467 1331 540 1391 121.
563 1327 596 1390 in
612 1325 712 1392 titulis
727 1325 850 1391 Atticis
866 1346 939 1391 sero
955 1329 1145 1410 καθέσταμαι
1161 1347 1219 1408 pro
1236 1329 1416 1412 καθέστηκα

346 1456 406 1499 usu
427 1434 533 1499 venire
555 1433 651 1499 docet
666 1431 833 1499 Meisterh.
848 1435 861 1473 ²
875 1455 907 1516 p.
927 1436 999 1513 153,
1018 1436 1048 1496 9.
1066 1437 1207 1497 ceterum
1224 1431 1263 1500 cf.
1275 1432 1416 1502 Veitch4

345 1540 368 1604 l.
390 1562 417 1608 ο.
441 1561 473 1622 p.
492 1543 566 1604 339.

416 1647 552 1730 denique
574 1650 743 1712 moneatur
766 1645 805 1712 de
829 1650 976 1733 ρόμενοςῑ
1002 1649 1091 1726 8,13
1116 1646 1262 1730 πολυτελῆ
1285 1650 1417 1734 φάμενον

346 1755 429 1819 πόλιν
452 1751 523 1819 εἶναι
546 1757 599 1825 τὰς
614 1750 762 1841 Ἀθήνας.
801 1753 1004 1839 participium
1023 1752 1086 1818 hoc
1102 1752 1188 1836 apud
1206 1751 1336 1820 Atticos
1352 1775 1417 1836 pro

347 1866 469 1949 ρόισκυν
496 1860 575 1926 loois
603 1860 776 1926 admodum
802 1860 912 1944 paucis
935 1861 1069 1943 reperiri
1093 1861 1243 1926 observat
1264 1859 1418 1945 Krueger

349 1973 400 2048 38,
413 1973 445 2050 4,
461 1972 477 2032 1
495 1966 549 2052 (of.
565 1973 643 2033 lcrit
660 1972 748 2033 stud.
764 1968 801 2032 H
815 1991 848 2052 p.
860 1967 918 2053 45)
933 1973 1000 2032 tres
1017 1988 1206 2033 enumerans
1221 1968 1280 2034 hos
1293 1967 1417 2034 Aesch.

347 2073 491 2159 Oboeph.
511 2079 574 2139 315
597 2075 716 2162 (chor.)
739 2074 827 2140 Xen.
844 2074 930 2141 Hell.
947 2075 966 2139 Ι
990 2079 1020 2157 6,
1039 2079 1057 2139 3
1081 2074 1238 2142 Ps-Plat.
1255 2074 1361 2141 Alcib.
1381 2077 1420 2141 Π

346 2206 378 2266 p.
390 2186 450 2247 142
459 2183 499 2248 Ε.
524 2180 672 2248 Cleanthi
685 2183 781 2248 datur
792 2181 1329 2271 po'rpevoraDiogeneLaertionl
1340 2187 1419 2266 171,

348 2289 405 2356 sed
423 2291 456 2354 in
472 2289 752 2373 apophthegmata.
788 2291 992 2373 reperiuntur
1015 2291 1076 2355 etsi
1090 2310 1164 2355 raro
1188 2289 1269 2355 aliae
1285 2312 1420 2374 quoque

348 2396 489 2462 eiusdem
511 2397 636 2482 generis
658 2396 789 2480 formae,
814 2397 853 2463 cf.
877 2396 1021 2466 Vcitob⁴
1044 2419 1077 2480 p.
1095 2402 1134 2460 67
1141 2401 1170 2461 5.

415 2503 463 2568 his
495 2503 641 2586 pauculis
672 2505 855 2588 praemissis
886 2504 950 2569 iam
983 2503 1024 2569 ad
1056 2504 1203 2589 syntaxin
1232 2504 1423 2588 transgredi

347 2610 436 2676 libet.

670 2856 675 2870 '
784 2855 898 2943 Caput
924 2855 974 2926 Η.

730 3035 789 3118 llo
821 3034 1030 3138 syntaxi.

414 3251 462 3316 Ut
489 3272 509 3315 a
535 3272 687 3335 genere
717 3251 852 3316 nominis
875 3250 1000 3318 initium
1022 3249 1186 3335 faciamus,
1217 3273 1316 3336 genus
1341 3275 1425 3320 neu·

347 3363 435 3422 trum
456 3358 592 3423 nominis
616 3356 764 3422 adiectivi
783 3357 921 3423 articulo
941 3359 1122 3440 praeditum
1142 3358 1333 3424 substantivi
1354 3362 1426 3425 vim

347 3464 434 3530 haud
456 3485 530 3529 raro
555 3463 615 3529 sibi
638 3465 777 3530 adsumit
801 3464 854 3549 (cf.
871 3464 997 3549 Krueg.
1014 3469 1067 3548 43,
1083 3469 1115 3548 4,
1135 3467 1184 3553 1);
1209 3470 1245 3530 τὰ
1267 3468 1425 3555 πολυτελῆ

350 3575 436 3654 3,13
460 3580 521 3642 τοῖς
545 3572 577 3634 δέ
600 3567 709 3652 ὀλίγοις
731 3575 782 3635 καὶ
805 3569 931 3636 εὐτελέσι
955 3576 1046 3655 3,14
1068 3576 1104 3636 τὰ
1127 3575 1238 3646 τοὺτοις
1259 3578 1427 3662 πρόσφορα

351 3682 401 3760 10,
420 3684 438 3743 2
464 3678 504 3743 al.
544 3679 589 3744 sic
611 3679 644 3742 in
666 3678 865 3761 temporibus
890 3678 1075 3745 definiendis
1099 3679 1237 3767 (Krueg.
1259 3683 1313 3762 43,
1331 3685 1364 3765 4,
1386 3686 1427 3771 6)

348 3789 384 3849 τὰ
399 3790 476 3872 μέσοι
496 3789 545 3866 11,
563 3790 594 3850 6.
613 3793 630 3851 7
656 3788 692 3849 τὰ
713 3785 828 3848 παλαιά
846 3789 897 3868 16,
916 3789 952 3869 53
976 3785 1039 3852 huc
1057 3787 1197 3870 pertinet
1212 3787 1308 3854 etiam
1323 3792 1381 3870 47,
1403 3796 1428 3856 4

348 3890 394 3956 ἐπὶ
417 3903 472 3958 τῶν
495 3890 645 3976 Τρωικῶν.
692 3892 731 3959 ab
762 3892 919 3958 adiectivo
950 3894 1078 3959 nomine
1109 3894 1265 3959 numerali
1296 3897 1427 3979 pendet

349 3999 513 4083 genetivus
540 4003 625 4082 ll‚7
656 4003 692 4064 τὰ
718 4010 819 4083 πρῶτα
848 4008 898 4063 τοῦ
927 4004 999 4084 βίου,
1047 4001 1316 4066 substantivorum
1350 4005 1426 4072 vice

347 4105 523 4190 funguntur
534 4107 704 4191 participia
714 4110 751 4169 τὰ
762 4110 887 4171 πεσόντα
906 4109 957 4189 13,
971 4112 989 4171 3
1006 4117 1067 4179 τοῖς
1079 4111 1292 4195 συμβεβηκόσιν
1305 4113 1362 4193 28,
1380 4117 1425 4177 13

348 4217 399 4299 τὴν
432 4222 490 4276 τοῦ
522 4211 776 4285 ἐκλελοιπότος
808 4217 910 4299 χρείαν
942 4215 995 4295 46,
1014 4219 1044 4283 2.
1099 4215 1157 4280 sed
1189 4215 1268 4281 haec
1300 4222 1426 4302 utpote

349 4321 477 4385 notiora
499 4341 564 4386 non
588 4321 750 4387 exhaurio.
