2996 5086
533 623 752 684 ..45-

103 814 238 881 Kuehn.
254 815 292 882 II
308 821 327 882 2
342 840 375 902 p.
390 821 463 884 792.
488 821 539 881 καὶ
554 819 637 904 μάλα
659 819 692 883 15
714 839 868 902 responso
895 821 947 901 15,
963 822 995 883 4.
1021 823 1072 882 καὶ
1087 822 1174 884 πάλιν

103 923 155 988 vel
178 927 229 987 καὶ
246 973 252 988 .
270 973 300 988 ..
323 926 409 990 πάλιν
433 925 647 1008 compluriens
671 927 907 1008 consociantur,
931 925 1002 992 vide
1024 925 1089 995 ind.
1105 947 1175 995 voc.

104 1051 131 1094 s,
153 1031 251 1095 πάλιν.
286 1031 326 1096 de
355 1031 520 1116 particulis
551 1032 583 1095 δὲ
615 1036 666 1096 καί
694 1040 726 1099 55
753 1037 805 1097 ml
820 1082 827 1096 .
844 1081 874 1096 ..
903 1033 936 1097 δέ
963 1033 1034 1099 vide
1064 1055 1170 1116 supra.

103 1136 245 1203 formula
260 1138 304 1201 διὸ
320 1142 371 1202 ami
388 1143 417 1221 3,
437 1142 488 1203 15.
514 1145 567 1222 27,
586 1143 637 1204 12.
663 1145 715 1222 28,
735 1144 764 1204 5.
790 1145 842 1217 29,
860 1146 889 1205 6.
919 1140 958 1206 de
972 1138 1020 1206 ἵνα
1035 1143 1096 1217 καί,
1113 1137 1174 1204 ἐπεὶ

104 1244 253 1311 scinde
277 1245 435 1314 induce.
461 1251 493 1313 et
515 1246 640 1330 Krueg.
666 1252 718 1330 69,
745 1251 867 1332 32,17.
902 1248 934 1312 15
963 1249 1175 1332 comparatio-

104 1351 202 1417 nibus
225 1353 266 1418 ab
290 1354 482 1437 optimorum
505 1360 674 1420 auctorum
699 1355 938 1432 consuetudine,
963 1357 1019 1439 qui
1036 1360 1087 1419 aul
1102 1376 1175 1438 par-

104 1459 239 1524 ticulum
263 1467 318 1526 555
341 1461 469 1544 utrique
492 1461 635 1529 membro
660 1459 774 1549 (ὥσπερ
797 1466 907 1526 καὶ...
935 1459 1010 1526 οὕτω
1033 1462 1097 1548 καί)
1121 1467 1177 1527 555

106 1565 169 1631 soli
178 1566 314 1632 relativo
327 1565 437 1653 (decep
449 1568 512 1654 aut)
524 1567 642 1635 addere
655 1569 761 1635 solent
773 1567 829 1655 (of.
839 1568 964 1652 Krueg.
976 1574 1029 1652 69,
1043 1573 1094 1650 32,
1110 1567 1175 1653 13),

106 1673 205 1740 Τ5155
232 1675 279 1739 155
305 1675 427 1742 recedit
456 1680 493 1741 ut
521 1676 607 1742 haud
633 1697 709 1742 raro
736 1677 881 1760 posuerit
908 1674 1005 1760 ὥσπερ
1022 1725 1029 1739 .
1046 1725 1076 1739 ..
1101 1672 1176 1739 οὕτω

106 1784 159 1844 καί
183 1784 214 1863 3,
228 1785 258 1845 3.
284 1786 313 1864 6,
329 1785 357 1845 3.
385 1785 435 1866 11,
451 1788 480 1847 3.
493 1787 528 1850 5.
545 1786 599 1867 42,
615 1786 665 1848 lo.
692 1786 734 1848 14
750 1781 792 1856 ὡς
807 1782 863 1870 (55
879 1781 1013 1869 1155551)
1037 1779 1176 1848 ...οὕτω

107 1891 159 1951 καί
191 1893 220 1969 7,
246 1892 276 1952 5.
310 1889 438 1972 utrique
466 1890 609 1956 membro
638 1890 797 1974 particula
827 1890 1010 1974 adiungitur
1037 1893 1176 1973 καθάπερ

107 1998 159 2058 καὶ
188 1992 219 2067 ἐξ
248 1993 343 2069 οἰκίας
364 2045 371 2060 .
392 2045 426 2060 ..
452 1993 541 2073 οὕτω,
566 2001 651 2086 φησί,
676 1995 857 2062 saltatori
881 2002 1028 2083 σωματίου
1055 1999 1176 2080 10,14.

107 2100 310 2167 illustrarunt
335 2102 419 2169 hane
442 2103 568 2169 dicendi
595 2103 777 2170 ubertatem
799 2104 915 2188 Haupt
939 2125 1047 2190 opusc.
1066 2104 1122 2168 III
1144 2125 1176 2186 p.

110 2211 174 2272 569
201 2214 233 2274 55
248 2209 375 2277 Vahlen
391 2208 533 2276 Aristot.
552 2210 591 2276 de
615 2216 685 2276 arte
700 2212 810 2295 poet.³
824 2233 857 2295 p.
877 2215 939 2276 168
956 2233 1024 2296 sqq.
1043 2210 1177 2294 denique

107 2317 216 2381 neutri
243 2316 386 2383 membro
409 2317 562 2384 adhaeret
583 2323 647 2394 καί,
677 2319 765 2383 cuius
792 2319 917 2403 generis
941 2317 1086 2401 exempla
1108 2317 1178 2383 vide

108 2424 174 2488 ind.
198 2445 268 2490 voc.
291 2447 323 2508 p.
347 2430 400 2489 87.
434 2446 499 2490 non
528 2426 595 2490 sine
623 2424 780 2492 brevitate
807 2426 924 2510 legitur
946 2430 1110 2508 tamquam
1133 2425 1177 2488 in-

108 2536 237 2615 tegrum
267 2533 465 2598 enuntiatum
494 2535 634 2616 καθάπερ
665 2536 717 2596 καὶ
746 2531 910 2620 Σωκράτης
942 2536 1067 2616 11,10.
1107 2531 1178 2597 vide

108 2643 201 2721 2,10
226 2659 297 2704 cum
320 2639 394 2707 adn.
411 2637 509 2724 ὥσπερ
532 2637 622 2704 καὶὸ
646 2639 722 2704 Πολ.
740 2637 901 2706 ἐντέλλεται
925 2644 978 2720 22,
999 2642 1028 2704 3.

177 2751 221 2833 μά
245 2752 276 2812 55
298 2753 334 2834 νή
356 2746 483 2812 iurandi
505 2746 683 2830 particulae
711 2769 768 2812 cur
791 2747 896 2813 desint
921 2747 955 2811 in
978 2746 1178 2812 sermonibus

108 2853 232 2920 Teletis
257 2875 297 2919 ex
320 2854 364 2920 eis
388 2861 524 2938 apparet
547 2876 630 2938 quae
654 2875 752 2939 supra
773 2855 884 2920 monui
906 2876 938 2938 p.
954 2857 1008 2918 40.

176 2966 215 3026 55
239 2960 278 3027 de
300 2964 352 3047 μὲν
366 3011 372 3024 .
386 3010 413 3025 ..
437 2961 470 3024 δέ
492 2961 657 3044 particulis
674 2960 794 3046 aliquid
810 2960 957 3041 addatur,
981 2960 1066 3026 hunc
1085 2981 1179 3025 usum

109 3068 168 3133 ὁτὲ
198 3073 260 3156 μὲν
289 3071 547 3156 πρωτολόγου...
577 3066 633 3133 ὁτὲ
663 3070 700 3133 δὲ
732 3070 1008 3154 δευτερολόγου...
1040 3071 1092 3132 καὶ
1123 3066 1179 3132 ὁτὲ

108 3180 171 3262 μὲν
195 3178 354 3261 βασιλέως,
383 3173 440 3240 ὁτὲ
469 3177 505 3240 δὲ
535 3175 647 3264 ἀλήτου
678 3179 707 3258 3,
725 3179 754 3240 5.
784 3181 802 3240 6
827 3197 847 3241 5
868 3176 1011 3260 pedestri
1034 3196 1179 3241 sermone

109 3282 300 3348 Atticorum
322 3283 506 3350 alieniorem
530 3305 599 3349 esse
627 3282 777 3349 observat
799 3282 950 3366 Krueger
975 3287 1028 3367 25,
1052 3286 1103 3366 10,
1128 3287 1179 3365 12,

109 3390 208 3456 latius
224 3391 251 3456 is
267 3396 359 3473 patet
374 3391 460 3476 apud
474 3391 670 3473 posteriores
686 3390 738 3476 (cf.
755 3390 871 3456 Bonitz
886 3389 952 3455 ind.
969 3389 1029 3454 Ar.
1047 3412 1079 3473 p.
1099 3394 1180 3455 538b

109 3497 245 3580 Epicur.
265 3519 296 3581 p.
320 3503 373 3581 61,
396 3502 436 3562 ll
460 3498 621 3583 Vsener).
643 3503 717 3582 post
742 3508 855 3582 πρῶτον
878 3501 931 3582 μὲν
953 3497 1100 3580 pergitur
1120 3518 1180 3582 per

110 3602 175 3668 εἶτα
199 3609 252 3688 38,
265 3609 297 3686 8,
320 3609 357 3669 55
380 3624 476 3689 saepe
497 3605 530 3669 iu
554 3604 764 3688 scriptoribus
780 3603 912 3686 Atticis,
936 3604 1007 3669 vide
1025 3602 1182 3669 Kuehner

111 3713 150 3778 H
175 3716 193 3776 2
217 3735 249 3797 p.
274 3713 350 3782 813.
384 3716 437 3799 μὲν
464 3709 513 3778 οὖν
542 3712 733 3796 copulantur
763 3717 814 3795 18,
837 3717 867 3777 2.
896 3713 1024 3794 21,14,
1053 3711 1180 3796 saepius

111 3824 165 3905 μὲν
188 3824 255 3903 γάρ,
278 3819 351 3884 vide
373 3818 438 3884 ind.
455 3841 523 3886 voc.
541 3840 565 3886 s.
583 3825 645 3905 μέν.

180 3931 238 4013 μή,
270 3926 362 4014 μηδὲ,
392 3932 536 4014 μήτε...
566 3933 640 4015 μήτε
669 3926 899 4010 particularum
930 3925 1076 4008 exempla
1106 3945 1180 3990 con·

113 4034 198 4116 gessi
220 4033 253 4098 in
276 4033 342 4102 ind.
363 4055 432 4100 voc.
455 4040 568 4122 μήποτε
592 4034 677 4118 (cum
700 4033 795 4098 indic.
816 4032 867 4098 vel
890 4053 962 4097 cum
986 4037 1052 4115 opt.
1074 4038 1108 4097 et
1130 4030 1180 4118 ἄν)

114 4139 300 4206 dubitanter
329 4139 515 4207 affirmantis
546 4145 595 4207 est
625 4161 664 4205 ac
694 4141 839 4206 modeste
871 4141 922 4222 14,
946 4143 976 4203 2.
1007 4142 1061 4222 42,
1079 4143 1109 4204 2.
1141 4136 1180 4203 51.

115 4245 232 4313 Bonita
255 4246 320 4312 ind.
336 4246 397 4312 Ar.
414 4270 446 4331 p.
464 4251 548 4312 4641
570 4250 625 4316 43.

181 4359 248 4420 ναί·
272 4351 340 4418 ἀλλ’
362 4351 456 4419 odatr'
479 4353 560 4419 ἔσται
583 4353 758 4438 respondet
780 4353 992 4420 interlocutor
1014 4356 1067 4435 47,
1087 4357 1117 4417 3.
