2996 5086
762 616 982 676 ..22..

406 828 448 877 τις
472 807 674 889 coniungitur
697 828 736 871 ex
759 826 848 871 more
864 803 1053 870 Atticorum
1077 825 1148 869 cum
1170 824 1249 870 voce
1272 813 1331 874 πᾱς
1355 803 1420 883 (cf.

340 912 465 996 Krueg.
487 916 674 998 51,16,11)
697 915 789 995 44,4
811 922 871 984 τάς
893 934 935 983 τις
958 908 1075 976 ἐπαινεῖ.
1120 909 1205 976 idem
1229 910 1423 975 conectitur

340 1041 413 1084 cum
440 1029 523 1091 ποῖος
551 1020 606 1105 (of.
631 1019 756 1101 Krueg.
783 1023 904 1102 51,16,
924 1021 956 1102 3)
984 1022 1067 1082 ποῖόν
1094 1040 1119 1080 τι
1148 1015 1208 1080 ἐστί
1234 1018 1362 1088 πλοῦτος
1389 1014 1419 1102 ἢ

339 1131 421 1191 ποῖάν
437 1150 462 1190 τι
477 1130 559 1190 πενία
585 1130 637 1209 10,
651 1131 681 1190 6.
714 1127 759 1192 sic
783 1126 879 1191 etiam
899 1129 1004 1207 18,16
1030 1130 1063 1190 ot
1085 1128 1205 1207 44,13.
1240 1124 1344 1189 rarior
1361 1129 1422 1188 est

340 1233 535 1317 pronominis
563 1232 733 1298 collocatio
760 1234 792 1297 in
819 1232 869 1297 his
895 1229 943 1296 ἵνα
970 1237 1022 1295 καί
1049 1255 1075 1295 τι
1101 1232 1215 1317 μᾶλλον
1246 1231 1419 1319 φιλόσοφος

342 1341 414 1425 δοἙή
438 1344 559 1423 45,12,
586 1361 658 1404 cum
681 1363 706 1403 τι
730 1339 881 1422 subsequi
902 1340 1010 1423 potius
1026 1359 1135 1404 vocem
1159 1339 1273 1424 μᾶλλον
1296 1338 1416 1403 soleat.

341 1447 411 1513 vide
434 1447 585 1530 Krueger
608 1447 650 1513 ad
673 1445 775 1511 Τίτου.
794 1447 862 1514 VII
887 1450 988 1527 57,1.

408 1560 613 1638 opponuntur
627 1555 711 1620 inter
727 1575 760 1618 se
784 1551 857 1625 ἀείς
881 1558 914 1618 et
937 1550 1067 1638 ὁὲτερος
1090 1557 1126 1616 ut
1146 1553 1287 1617 varietur
1302 1552 1416 1616 oratio

339 1662 372 1726 in
395 1661 457 1726 his:
481 1665 572 1743 46,5
596 1661 709 1741 γελοῖον
732 1664 787 1744 γάρ
810 1659 891 1723 ἔσται
914 1657 938 1723 εί
961 1657 1011 1723 ἐάν
1034 1662 1081 1725 τὸν
1104 1657 1201 1743 ἕτερον
1223 1681 1265 1730 τις
1288 1655 1417 1746 ὀφθαλ-

340 1771 394 1853 μὸν
418 1766 571 1853 ἀποβάλῃ,
601 1767 698 1854 δεήσει
720 1770 772 1830 καί
794 1770 842 1831 τὸν
870 1764 967 1850 ἓτερον
994 1770 1210 1852 προσεκκόήαι,
1238 1763 1294 1830 κάν
1319 1763 1416 1837 δεῖς

341 1876 415 1947 ποὺς
437 1875 557 1951 κυλλός,
580 1878 631 1938 καί
654 1877 710 1939 τὸν
733 1872 852 1958 ἕτερον
876 1873 1026 1961 ἀνάπηρον
1049 1883 1140 1937 ποιεῖν
1163 1871 1221 1936 κτὲ.
1258 1872 1415 1938 liberiore

340 1981 395 2046 illa
417 1982 544 2047 ratione
574 2002 657 2064 quae
685 1980 837 2064 exemplis
865 1980 990 2064 aliquot
1013 1979 1174 2045 illustrata
1198 1984 1247 2045 est
1269 1980 1302 2044 in
1324 1979 1413 2045 libro

341 2089 452 2172 Vigeri
469 2088 518 2154 ed.
535 2088 669 2155 Ηοινιι.4
692 2111 724 2172 p.
743 2091 761 2151 5
785 2109 832 2172 sq.
880 2087 919 2152 cf.
937 2086 1089 2153 Aeschin.
1113 2092 1227 2152 contra
1242 2085 1326 2151 Tim.
1347 2091 1411 2151 121

340 2193 516 2282 ἐργαστήρια
547 2195 599 2259 δίιο
628 2192 658 2260 ἐν
688 2204 749 2267 τοῖς
772 2193 947 2280 ἀργυρείοις,
977 2193 1006 2259 ἓν
1034 2197 1086 2279 μὲν
1109 2191 1138 2258 ἐν
1162 2189 1290 2270 Αάλῶνι,
1311 2191 1414 2277 ἕτερον

340 2301 366 2366 δ’
381 2301 427 2366 ἐπὶ
443 2302 616 2388 Θρασυλλῳ.
649 2300 741 2368 Stob.
758 2301 829 2368 flor.
848 2307 900 2383 37,
912 2306 954 2366 25
971 2301 1070 2366 Mein.
1088 2299 1259 2388 Ἰσοκράτης
1277 2299 1293 2364 δ
1310 2298 1413 2388 ῥήτωρ

339 2409 500 2496 Καρεῶνος
516 2408 597 2481 ὄντος
612 2410 707 2473 λάλου
729 2413 780 2473 καί
803 2410 958 2496 σχολάζειν
980 2405 1069 2472 αὐτοῦ
1092 2408 1270 2493 βουλομένου
1296 2408 1413 2480 διττοὺς

339 2516 430 2605 ᾔτησε
456 2518 600 2602 μισθοὺς·
630 2526 679 2580 τοῦ
709 2517 741 2579 δὲ
768 2521 819 2603 τήν
847 2512 939 2580 αἰτίαν
966 2519 1135 2601 πυθομένου
1163 2511 1226 2580 “‘svct
1257 2512 1322 2601 μέν’
1348 2514 1412 2603 ἔφη

350 2622 398 2688 ἵνα
421 2625 519 2688 λαλεῖν
536 2627 649 2710 μάδρς,
673 2628 721 2689 τὸν
738 2623 764 2687 δ’
780 2622 877 2709 ἕτερον
890 2622 938 2688 ἵνα
953 2623 1054 2705 σιγάν’.
1107 2624 1208 2707 magis
1233 2624 1330 2689 ctiam
1347 2623 1412 2688 Te-

339 2731 423 2796 leteo
447 2731 592 2814 exemplo
609 2732 800 2797 conveniunt
820 2731 900 2796 haec
915 2729 1057 2797 Aristot.
1074 2730 1153 2813 reip.
1171 2729 1292 2796 Athen.
1314 2753 1346 2814 p.
1363 2736 1410 2795 97

338 2838 496 2923 Kenyon²
518 2843 626 2924 νόμους
642 2835 811 2926 εἰσήνεγκαν
834 2835 874 2909 είς
897 2843 949 2924 τήν
967 2839 1077 2924 βουλήν
1093 2838 1145 2902 δίο
1160 2838 1329 2910 κελεδοντες
1344 2835 1412 2902 ἐπι-

338 2955 521 3031 χειροτονεῖν,
544 2943 584 3010 ὧν
600 2942 616 3008 ὁ
632 2948 684 3031 μὲν
708 2941 748 3016 εἷς
846 2942 862 3008 δ
886 2942 911 3008 δ’
933 2942 1032 3028 ἕτερος
1055 2941 1113 3008 κτὲ.
1138 2944 1278 3027 gnomol.
1297 2944 1410 3013 Vatic.

339 3056 401 3116 513
419 3049 548 3119 Sternb.
565 3051 619 3116 ubi
636 3048 791 3116 Simonidi
813 3051 875 3116 hoc
891 3050 987 3116 datur
1003 3051 1136 3116 dictum:
1160 3047 1226 3116 ‘ibo
1242 3051 1306 3137 μοι’
1328 3050 1409 3118 εἶπεν

336 3155 374 3222 ‘d
397 3161 539 3244 βέλτιστε,
567 3163 688 3243 κιβώτια
711 3155 850 3245 ὑπάρχει·
877 3162 929 3222 καί
956 3155 997 3229 εἰς
1024 3161 1076 3243 μὲν
1100 3161 1131 3221 τὸ
1155 3157 1184 3223 ἓν
1207 3162 1260 3230 τάς
1281 3163 1410 3246 χάριτας

337 3264 524 3352 ἀποτίθεμαι,
548 3262 589 3337 εἰς
613 3266 645 3328 δὲ
668 3268 700 3328 τὸ
722 3262 820 3350 ἕτερον
835 3261 1000 3350 ἀργυρίδιον
1023 3262 1098 3328 κτὲ’.
1144 3269 1177 3330 et
1200 3264 1331 3330 alienius
1358 3273 1410 3332 est

336 3376 369 3436 et
396 3370 533 3436 habetur
563 3376 749 3454 corruptum
780 3370 868 3456 quod
895 3370 968 3435 libri
991 3370 1112 3436 habent
1135 3369 1233 3454 Soph.
1255 3371 1338 3436 Phil.
1363 3379 1406 3438 91

336 3475 370 3541 ob
393 3481 449 3562 γάρ
473 3475 503 3550 ἐξ
526 3475 591 3550 ἑνὸς
613 3479 714 3554 ποδός,
738 3479 792 3544 ubi
815 3478 886 3543 vide
910 3499 992 3561 quae
1015 3479 1182 3545 adnotavit
1204 3477 1331 3547 Nauck.

403 3606 469 3650 non
492 3584 614 3669 vulgari
636 3586 732 3651 modo
757 3585 924 3652 exhibetur
946 3583 1039 3658 οὕτως
1061 3587 1094 3650 in
1117 3586 1180 3650 his:
1206 3590 1296 3668 28,9
1324 3584 1408 3652 ἀλλὰ

334 3695 386 3755 καί
408 3693 520 3778 πλήρες
544 3689 576 3757 ὂν
599 3689 670 3756 αάτδ
694 3693 752 3773 (sc.
769 3696 801 3757 τὸ
818 3694 999 3780 ρασκὼλιον)
1024 3690 1133 3765 οὕτως
1156 3691 1220 3779 ὄψει
1237 3697 1288 3757 καὶ
1302 3697 1408 3758 κενοί»-
1482 3773 1483 3784 2

336 3821 420 3885 μενον
442 3796 512 3863 ἰδὼν
529 3795 584 3862 οάκ
599 3796 739 3887 ἀδυνήσή,
756 3800 809 3865 ubi
826 3799 991 3865 adnotavit
1005 3799 1124 3865 lacobs
1140 3801 1258 3866 Solon⁴
1273 3823 1304 3884 p.
1321 3805 1405 3868 239:
1482 3789 1483 3794 ἵ

334 3903 441 3977 ὀὕτως
458 3905 531 3992 ὄψει,
555 3907 614 3971 mit
630 3904 928 3990 Gleichgiiltigkeit3
951 3907 1009 3972 vvis
1031 3904 1168 3971 ἀοδτωσὶ
1188 3905 1329 3985 ἀκοάσας,
1345 3909 1408 3977 der

334 4015 444 4080 Etwas
460 4013 655 4080 unbeachtet
677 4015 771 4097 l‘a'sst3
796 4017 884 4096 λόγος
905 4012 1009 4078 οὑτωσί
1031 4012 1146 4103 ῥηθείς,
1170 4015 1221 4080 ein
1245 4015 1327 4081 ohne
1348 4015 1406 4082 be-

333 4122 470 4187 sondere
492 4121 671 4187 Riicksicht
693 4123 926 4207 gesprocbenes
941 4121 1066 4190 Wort'.

400 4228 464 4293 His
489 4228 611 4294 subicio
636 4252 699 4295 non
718 4231 805 4296 nulla
829 4231 868 4296 de
892 4252 1040 4313 genere
1063 4229 1188 4295 verbi.

399 4336 462 4421 ἔχω
485 4337 684 4403 intransitive
701 4345 873 4423 usurpatur
889 4337 1046 4403 adverbiis
1063 4337 1249 4403 comitatum
1264 4336 1404 4424 (Krueg.
