2996 5086
766 583 984 642 „23-

339 767 418 855 αάτῷ
449 769 484 836 ἐκ
507 781 557 836 τοῦ
581 774 789 861 δεσμωτηρίου,
823 772 847 838 εἰ
870 772 1015 858 ἐβουλετο,
1048 773 1178 848 ἐξελθεῖν
1205 779 1256 858 11,
1282 781 1345 860 10,
1384 777 1430 843 cf.

339 877 466 962 Krueg.
484 883 536 963 53,
556 883 606 962 10,
624 884 654 945 5.
680 884 733 963 54,
752 885 803 965 10,
822 885 852 950 l.

406 1004 627 1070 coniunctivus
650 1005 870 1072 adhortativus
888 1010 941 1089 13,
959 1010 977 1070 5
1002 1012 1035 1073 et
1049 1008 1298 1092 interrogativus
1316 1012 1383 1091 42,
1407 1012 1427 1072 5

339 1112 471 1194 ponitur
487 1132 527 1176 ex
542 1112 770 1178 consuetudine
786 1111 985 1180 Atticorum.
1018 1114 1115 1180 verba
1129 1119 1172 1203 μὴ
1188 1111 1273 1179 οὐδὲν
1288 1117 1429 1204 λέγηται

342 1221 394 1300 14,
412 1221 441 1300 6,
467 1219 582 1302 quibus
597 1218 728 1285 verendi
749 1220 839 1287 notio
862 1241 928 1287 non
944 1221 1054 1287 addita
1077 1227 1135 1306 est,
1161 1244 1225 1305 quo
1241 1223 1347 1288 modo
1376 1224 1429 1287 in·

340 1325 523 1410 tellegenda
545 1327 609 1392 sint
632 1327 729 1394 dccet
750 1327 874 1412 Krueg.
894 1331 945 1410 54,
963 1333 993 1411 3,
1013 1331 1064 1393 13.

405 1475 509 1538 neque
532 1455 565 1519 in
581 1455 715 1538 optativi
730 1460 786 1520 aut
807 1455 988 1538 imperativi
1011 1455 1163 1540 exemplis
1178 1457 1304 1540 repperi
1324 1455 1424 1540 qnod

340 1583 413 1627 cum
435 1561 551 1629 Attico
575 1584 636 1628 usu
658 1561 828 1647 discrepet.

404 1686 489 1752 idem
520 1687 606 1753 valet
636 1687 676 1753 dc
708 1689 858 1754 membris
890 1689 1086 1755 secundariis
1115 1710 1197 1772 quae
1220 1687 1372 1773 pendent
1399 1711 1420 1753 a

338 1793 615 1860 coniunctionibus
647 1792 690 1858 ὅτι
718 1796 834 1881 (διότι),
867 1794 925 1872 ὡς,
958 1793 1000 1872 εἰ,
1031 1795 1184 1861 similibus
1215 1793 1422 1880 (15551135-

339 1899 475 1984 hangige
491 1898 587 1967 siitze’
601 1901 727 1986 Krueg.
745 1905 798 1985 54,
816 1903 858 1988 6).
891 1903 1080 1970 indicativus
1097 1909 1129 1968 et
1153 1903 1314 1986 optativus
1341 1924 1419 1968 sese

339 2009 502 2092 excipiunt
528 2013 579 2091 13,
598 2013 639 2073 10
662 2008 840 2075 ἐπυνθάνετο
862 2008 887 2074 εἰ
910 2011 959 2074 διὰ
982 2020 1065 2075 τοῦτο
1088 2007 1143 2075 οὖν
1165 2009 1269 2094 ἀριστᾷ
1293 2008 1338 2074 ὅτι
1357 2061 1364 2074 .
1384 2060 1418 2074 ..

337 2117 509 2201 καταβάλοι.
543 2115 667 2202 Krueg.
683 2120 734 2198 54,
753 2123 783 2200 6,
802 2123 832 2183 2.
868 2118 925 2183 sed
946 2118 1090 2183 inusitati
1106 2116 1227 2200 aliquid
1249 2117 1336 2183 inest
1362 2118 1415 2182 his

338 2225 431 2304 45,4
453 2219 509 2307 ὅρα
539 2221 564 2287 εἰ
585 2227 637 2287 καὶ
659 2235 715 2289 τῶν
737 2223 807 2308 παρ’
829 2222 897 2312 ἡμῖν
926 2247 969 2297 τις
997 2234 1139 2306 γυναινάῖνν
1163 2220 1238 2287 τοῦτ’
1260 2221 1296 2289 ἂν
1319 2230 1414 2310 ποιη-

337 2351 420 2406 σειεν,
452 2327 519 2392 ἀλλ’
541 2328 596 2395 οὐκ
619 2329 731 2418 ἀσμένη
761 2330 862 2417 ὄψεται
891 2335 1107 2417 σεσωσμένους
1135 2329 1267 2396 offensio
1301 2337 1415 2396 autem

337 2457 403 2501 ncn
427 2456 465 2501 eo
495 2438 647 2522 sentitur,
682 2436 769 2522 quod
793 2437 870 2503 dicit
901 2435 957 2524 ὅρα
987 2435 1011 2501 εἰ
1106 2435 1181 2502 τοῦτ’
1204 2435 1239 2502 ἀν
1262 2444 1415 2526 ποιήσειεν

338 2540 426 2628 (nam
442 2543 487 2608 sic
499 2543 675 2628 loquuntur
685 2542 791 2610 Attici
804 2545 863 2610 etsi
875 2546 988 2628 ranna,
1005 2544 1091 2610 velut
1101 2543 1265 2628 Xenophc
1277 2567 1412 2628 apomn.

337 2650 355 2714 Ι
374 2653 403 2732 3,
423 2653 441 2714 5
466 2647 522 2714 οὐκ
536 2648 590 2714 οἶδ’
606 2651 689 2724 εἴτις
712 2648 804 2723 οὕτως
819 2649 854 2717 ἀν
871 2649 955 2733 ὀλίγα
978 2649 1127 2737 ἐργάζοιτο
1141 2649 1200 2715 art.
1224 2651 1264 2716 cf.
1281 2651 1412 2736 Krueg.

339 2759 391 2837 54,
409 2762 440 2839 6,
465 2759 498 2842 6)
516 2757 572 2822 sed
589 2779 638 2841 ec,
662 2758 750 2842 quod
774 2760 880 2843 pergit
895 2757 962 2826 ἀλλ’
977 2755 1033 2823 aba
1047 2757 1160 2846 ἀσμένη
1177 2757 1278 2845 ὄψεται
1294 2781 1413 2824 σεσωσ-

337 2869 450 2950 μένους.
488 2885 588 2948 quare
603 2864 753 2931 Atticum
769 2866 959 2950 scriptorem
982 2867 1177 2949 scripturum
1200 2866 1297 2932 fuisse
1324 2877 1412 2931 τοῦτο

335 2975 450 3058 ποιήσει
472 2971 625 3038 iudicavit
644 2971 804 3038 Meinelrc.
842 2994 952 3039 verum
975 2974 1191 3058 inexspectata
1212 2973 1293 3039 haec
1317 2975 1409 3039 modi

337 3077 481 3161 enallage
504 3078 551 3143 ita
572 3077 705 3145 tollatur
728 3101 799 3144 cum
821 3080 959 3161 Hensio‚
990 3085 1027 3145 ut
1048 3079 1163 3145 fortius
1188 3081 1408 3164 distinguatur

336 3193 414 3268 post
443 3190 588 3273 ποιήσειεν
618 3187 730 3270 suique
752 3188 831 3252 iuris
860 3187 939 3252 fiant
962 3188 1060 3254 verba
1081 3188 1229 3271 proxima
1259 3188 1317 3253 sic:
1351 3186 1410 3272 ὅρα

337 3289 362 3356 εἰ
385 3295 436 3356 καὶ
459 3303 515 3358 τῶν
538 3290 608 3377 παρ’
631 3291 699 3381 ἡμῖν
715 3317 759 3367 τις
776 3305 919 3376 γυναικῶν
934 3291 1010 3359 τοῦτ’
1026 3293 1061 3359 ἀν
1076 3301 1230 3383 ποιήσειεν.
1269 3292 1337 3358 ἀλλ’
1353 3292 1409 3358 οὐκ

337 3397 450 3487 ἀσμένη
484 3399 584 3487 ὄψεται
616 3406 837 3488 σεσωσμένους;
870 3402 941 3468 coll.
964 3405 995 3486 5,
1022 3406 1041 3466 3
1074 3399 1141 3465 ἀλλ’
1173 3399 1208 3466 ci>
1237 3411 1329 3465 ταῦτα
1359 3402 1408 3465 διὰ

336 3511 448 3596 τροφὴν
471 3512 604 3595 ζητοῦσιν
627 3507 794 3593 ἄνθρωπος

403 3632 626 3698 consuetudini
641 3632 829 3700 Atticorum
844 3634 939 3718 plane
956 3635 1104 3719 congruit
1127 3633 1208 3700 haec
1224 3639 1406 3700 structurae

337 3741 473 3806 mutatio
499 3743 589 3822 35,7
624 3741 717 3822 λέγων
740 3739 783 3805 ὅτι
807 3738 900 3806 ουδενὶ
922 3743 1013 3806 πλείω
1046 3740 1150 3825 ἀγαθὰ
1179 3738 1306 3827 ἀπάρχει
1332 3745 1407 3826 πρὸς

336 3850 369 3910 τὸ
403 3847 619 3935 φιλοσοφῆσαι·
650 3848 775 3913 πλοῦτόν
807 3871 837 3912 τε
869 3852 926 3934 γὰρ
957 3850 1090 3913 πλεῖστον
1122 3844 1209 3913 αὐτὸν
1239 3847 1317 3934 ἔχειν
1347 3845 1404 3912 ari.

335 3951 398 4018 vid.
422 3951 548 4036 Krueg.
567 3956 618 4036 54,
637 3957 666 4036 6,
685 3957 715 4018 5.

404 4078 569 4144 enuntiata
591 4077 698 4144 finalia
718 4080 871 4163 exscripsi
893 4080 926 4145 in
948 4080 1054 4146 indice
1070 4079 1128 4146 sub
1144 4101 1173 4144 v.
1187 4078 1236 4146 ἵνα
1260 4087 1293 4147 et
1315 4078 1403 4153 ὅπως.

337 4207 434 4250 unum
457 4184 518 4251 hcc
540 4185 613 4251 lccc
638 4193 750 4270 repeto
774 4187 853 4252 illud
873 4185 978 4274 ἵναμὴ
1002 4191 1038 4250 τὰ
1060 4188 1173 4251 παλαιά
1188 4209 1235 4251 σοι
1250 4190 1328 4271 λέγω
1344 4185 1400 4251 ari.

337 4295 422 4375 16,5
444 4292 529 4377 quod
546 4292 717 4378 explicabit
733 4293 856 4378 Krueg.
875 4296 926 4376 54,
945 4299 976 4376 8,
996 4296 1046 4358 14.
1072 4298 1262 4378 corruptum
1279 4295 1400 4361 videtur
