2996 5086
519 636 742 698 ..61-

162 840 342 918 προσοτῆναι
368 835 397 913 7,
416 835 435 894 3
458 830 589 896 verbum
612 829 838 912 palaestricum
862 829 945 894 sicut
964 830 1073 912 γλοιός,
1098 829 1163 893 δια-

0 974 1 1003 ι
94 938 342 1024 τραχηλίζεσθαι.
376 937 416 1003 cf.
433 958 515 1020 quae
539 936 705 1003 adnotavit
728 937 849 1002 Hense.

162 1046 403 1116 ονιελετεὺοαντες
433 1049 486 1128 23,
512 1047 551 1108 11
582 1040 753 1113 ‘condire'.
793 1045 919 1128 saepius
948 1043 993 1108 sic
1023 1041 1063 1108 ab
1093 1043 1162 1108 aliis

94 1151 215 1216 dicitur
226 1153 394 1239 ταριχεὺειν.
414 1151 476 1217 Βίο
489 1151 578 1238 (nam
595 1151 634 1218 de
646 1151 749 1217 Bione
762 1151 882 1238 agitur)
894 1149 1050 1217 translate
1061 1151 1163 1216 utitur

95 1257 195 1324 verbo
211 1260 465 1324 acrocaehereheu
480 1258 566 1342 apud
579 1257 789 1324 Plutarchum
805 1258 846 1323 de
860 1257 949 1323 liber.
963 1257 1055 1323 educ.
1068 1279 1096 1322 c.
1112 1261 1163 1322 10.

163 1368 368 1450 οτραγγεὺεται
391 1365 590 1452 (οτρατεὺεται
612 1365 697 1450 libri)
722 1368 806 1448 26,1
828 1365 972 1450 adspirat
987 1364 1028 1431 ad
1045 1385 1162 1431 sermo·

93 1494 169 1538 nem
191 1471 389 1554 familiarem,
413 1473 498 1538 unde
517 1473 623 1538 hausit
644 1471 882 1556 Aristophanes
897 1470 982 1538 Ach.
1002 1477 1064 1537 126
1087 1472 1163 1538 nub.
1254 1555 1256 1558 Ι

97 1584 173 1644 132.
190 1579 310 1645 'Peletis
323 1580 408 1645 haud
420 1579 606 1646 absimiliter
617 1579 736 1645 Macte
750 1578 913 1645 Athenaei
923 1578 1016 1645 XIII
1027 1601 1057 1664 p.
1072 1583 1163 1645 580e

94 1688 329 1772 οτραγγείιεοθαι
349 1690 413 1772 περὶ
433 1690 488 1760 τὰς
507 1687 666 1774 συμβολάς.
683 1687 842 1752 coniciunt
864 1691 1100 1773 στραγγευομένῳ
1116 1709 1163 1752 re·

95 1793 281 1877 ponendum
299 1814 367 1858 esse
383 1814 442 1876 pro
460 1797 677 1879 στρατευομένῳ
688 1792 835 1858 Platonis
852 1793 891 1857 de
907 1815 973 1877 rep.
989 1815 1022 1878 p.
1037 1796 1102 1858 412
1119 1793 1163 1859 A.

95 1905 240 1966 ceterum
254 1899 293 1965 cl.
306 1899 488 1966 Kucsterus
500 1900 542 1966 ad
555 1898 642 1965 Suid.
656 1922 684 1964 v.
698 1897 717 1985 ἢ
731 1900 774 1964 δεῖ
789 1901 925 1987 χελώνης
941 1906 972 1966 et
987 1903 1163 1985 οτραγγεὺει,

94 2006 298 2075 Valckenaer
321 2007 477 2074 animadv.
505 2008 547 2074 ad
574 2005 726 2073 Ammon.
747 2029 779 2091 p.
804 2011 877 2072 130.
913 2009 1097 2092 οτρατεὺεται
1112 2029 1162 2073 re-

95 2114 191 2180 tineri
207 2114 274 2179 vult
289 2115 375 2198 apud
390 2115 535 2180 'Peletem
547 2111 705 2180 Giesecke
721 2113 741 2178 l.
759 2135 785 2178 c.
797 2137 829 2197 p.
848 2117 887 2178 37
905 2114 978 2180 adn.
995 2136 1061 2182 non
1077 2120 1163 2198 apte.

0 2286 1 2301 .
164 2226 297 2306 τερετὶζω
313 2222 443 2289 verbum
460 2222 579 2307 (γρᾴδια
594 2225 705 2310 φυστὴν
721 2225 852 2310 φαγόντα
867 2225 1042 2306 τερετίζοντα
1056 2225 1087 2304 4,
1107 2222 1163 2310 12)

0 2328 1 2331 ’
98 2326 277 2413 desumpsit
303 2329 365 2394 Bio
394 2351 411 2394 e
439 2349 585 2393 sermone
613 2326 736 2411 vulgari
763 2327 846 2392 sicut
872 2328 936 2393 iam
962 2328 1164 2414 Phrynichus

98 2436 238 2500 comicus
254 2435 294 2500 ΙΙ
308 2431 340 2520 p.
359 2440 420 2501 587
438 2436 476 2500 fr.
495 2440 514 2500 2
530 2435 630 2502 Mein.
647 2435 696 2500 vel
715 2435 850 2518 Euphro
867 2435 918 2503 IV
933 2456 966 2518 p.
982 2438 1047 2500 487
1063 2457 1091 2502 ν.
1111 2439 1163 2500 34.

0 2592 1 2631 ,
97 2548 173 2607 ante
189 2540 403 2609 Aristotelem
426 2543 458 2607 in
481 2541 626 2626 probatis
649 2562 765 2625 prosae
785 2541 938 2619 orationis
954 2542 1164 2626 scriptoribus

97 2671 157 2714 nec
180 2653 329 2734 τερετίζειν
351 2649 413 2733 legi
436 2649 561 2715 uidetur
576 2669 635 2714 nec
659 2653 811 2734 τερὲτιαρα
834 2647 920 2736 (vide
936 2648 1051 2714 Bonitz
1068 2671 1093 2714 s.
1109 2649 1164 2736 u).

98 2756 137 2823 cl.
155 2754 289 2821 Schmid
304 2756 324 2821 l.
342 2777 369 2825 c.
385 2757 403 2821 Ι
418 2778 449 2840 p.
468 2760 542 2823 163.
573 2755 710 2821 recurrit
725 2754 855 2820 verbum
876 2755 910 2819 in
925 2756 1165 2823 narratiuncula

67 2855 70 2862 ⁴
98 2862 137 2928 dc
146 2862 295 2945 Diogene
303 2862 405 2928 relata
416 2862 577 2928 aLaertio
584 2862 635 2930 VI
648 2867 701 2926 27.
718 2862 757 2927 de
770 2861 882 2928 eodem
894 2861 1041 2946 Diogene
1053 2866 1164 2927 narrat

98 2968 262 3036 Stobaeus
276 2968 345 3035 flor.
365 2973 438 3052 108,
458 2974 499 3034 72
515 2968 629 3035 Mein:
643 2966 684 3034 ἐν
700 2969 733 3033 δὲ
748 2979 809 3042 τοῖς
831 2971 970 3042 τοιοὺτοις
984 2978 1099 3053 καιροῖς
1112 2972 1165 3032 καὶ

97 3080 246 3163 τερετίζων
269 3075 417 3164 ἀνεφώνει.
452 3074 548 3143 habet
567 3080 765 3160 οοντερετὶζειν
781 3075 943 3159 Theophr.
960 3076 1048 3141 char.
1067 3079 1119 3140 11.
1142 3057 1152 3069 ”
1175 3058 1178 3063 ’

164 3182 303 3267 paucula
325 3182 443 3248 addam
466 3182 506 3248 de
528 3182 632 3248 verbis
655 3182 891 3266 decompositis.
926 3189 1002 3249 sunt
1025 3183 1165 3247 enimin

0 3282 1 3289 '
97 3289 159 3354 hoc
183 3310 326 3372 numero,
363 3311 499 3373 quorum
528 3289 674 3374 exempla
703 3289 789 3373 apud
821 3289 899 3355 ahos
922 3295 979 3355 aut
1008 3289 1095 3354 nulla
1116 3311 1164 3354 re-

97 3397 205 3480 perias
229 3402 285 3462 aut
307 3418 420 3480 pauca.
453 3419 513 3482 pro
528 3401 766 3486 προοενιιιόπτειν,
790 3396 878 3480 quod
892 3395 941 3462 bis
957 3395 1054 3462 habet
1069 3395 1164 3461 Tales

98 3505 201 3585 46,1.
226 3507 257 3585 4,
282 3509 509 3569 σοναιτοιιόιττειν
533 3503 610 3569 dicit
625 3503 818 3569 Plutarchus
842 3502 882 3569 de
904 3503 1019 3568 vitioso
1039 3502 1165 3586 pudore

98 3632 129 3693 p.
148 3607 257 3676 5290
279 3609 376 3696 idque
398 3610 430 3676 in
446 3610 599 3676 Teleteae
621 3609 716 3675 simili
732 3610 912 3695 philosophi
935 3631 1007 3676 cum
1022 3610 1166 3693 agricola

98 3716 352 3800 comparatione.
387 3717 464 3782 item
496 3716 546 3783 bis
582 3717 700 3801 legitur
730 3720 1000 3808 προοιαταρθεὶρω
1031 3720 1086 3801 45,
1113 3721 1163 3781 12.

98 3827 153 3906 46,
175 3827 206 3905 9,
237 3824 324 3907 quod
347 3824 481 3906 praeivit
512 3822 651 3907 quodam
679 3823 776 3890 modo
801 3822 978 3908 Sophocles
1004 3823 1089 3888 Phil.
1111 3829 1163 3905 76,

98 3929 154 3995 ubi
178 3934 227 3995 est
249 3931 499 4019 προοδιαρθείρω.
533 3951 593 3996 οοο
608 3935 834 4014 τροοειικόιττειν
849 3952 908 3997 nec
922 3933 1165 4020 προοιιαταρθεὶ-

0 4038 1 4089 ἶ
98 4061 157 4122 ρειν
181 4037 257 4103 alibi
276 4060 330 4104 me
351 4038 459 4121 legere
481 4039 620 4104 memini.

166 4145 382 4229 posteriorum
403 4144 569 4230 proprium
593 4151 642 4211 est
665 4145 802 4226 διεζάγωι
826 4149 879 4228 32,
895 4149 934 4210 18
951 4148 992 4209 τὰ
1005 4142 1080 4209 καθ’
1094 4141 1165 4209 tuo·

0 4344 1 4347 Ἴ
100 4252 169 4323 τοὺς
194 4252 340 4336 λιτότερον
373 4252 551 4334 διεζάγοοοιν
583 4256 615 4335 9,
641 4255 680 4317 12
714 4252 892 4340 διεξήγαγον.
932 4251 1049 4334 legitur
1081 4252 1165 4318 enim

100 4357 187 4441 apud
202 4359 389 4424 Aristonem
404 4356 529 4442 Chium,
550 4355 762 4444 Chrysippum
785 4357 839 4444 (cl.
856 4355 901 4424 A.
917 4355 1050 4424 Gerckii
1064 4355 1164 4443 Ohry·
