2996 5086
562 611 777 670 „27-

141 855 144 862 .
203 800 243 865 de
267 800 429 866 locutione
452 797 597 886 eddotpov
621 805 749 883 γεγονὼς
771 798 807 866 ἂν
830 799 876 888 εἴη
894 805 945 883 38,
959 804 980 864 4
995 801 1066 867 vide
1081 800 1204 886 Krueg.

135 909 189 988 53,
204 909 268 989 3,1
295 911 327 971 et
351 906 495 991 exempla
516 906 562 972 ibi
585 906 704 972 adlata.

202 1013 410 1079 indicativum
433 1013 531 1078 futuri
554 1013 614 1079 sibi
638 1014 777 1079 adsumit
800 1010 834 1078 ol>
857 1019 899 1101 μή
925 1017 1011 1097 2,15
1034 1011 1069 1077 od
1093 1018 1135 1102 μὴ
1158 1036 1206 1078 πι-

133 1123 291 1208 στευθήσῃ
308 1123 415 1203 27,11
441 1117 474 1184 ci)
498 1123 539 1208 μὴ
563 1126 665 1208 χρήσῃ
690 1126 722 1185 et
744 1124 796 1184 καὶ
816 1117 918 1192 οὐθείς
938 1141 985 1184 σοι
1005 1123 1047 1207 μὴ
1063 1124 1206 1186 moratica

136 1229 238 1310 2,13,
262 1227 497 1293 coniunctivum
521 1232 631 1292 autem
653 1227 764 1293 coristi
786 1225 826 1314 ῆς
846 1223 879 1291 od
895 1231 937 1315 μὴ
953 1229 1090 1314 γεέτιηται
1107 1233 1160 1311 27,
1174 1233 1204 1310 8,

134 1333 177 1398 cf.
201 1333 326 1418 Krueg.
345 1337 397 1416 53,
416 1339 446 1417 7,
464 1339 494 1402 6.
525 1334 583 1400 sed
605 1334 694 1400 varia
716 1334 797 1399 hacc
821 1335 965 1418 exempla
987 1339 1024 1398 ut
1047 1333 1205 1400 adunam

133 1447 329 1508 revocentur
351 1463 507 1524 normam,
531 1439 570 1528 ἧς
592 1438 626 1504 cd
649 1445 692 1528 μὴ
715 1443 846 1523 γεὺσεται
870 1440 987 1507 conicit
1011 1438 1115 1507 Cobet
1138 1464 1169 1510 n.
1184 1441 1205 1506 l.

132 1571 166 1632 p.
183 1551 261 1631 409,
285 1552 399 1614 contra
422 1548 540 1632 ubique
555 1547 693 1615 fortasse
710 1546 945 1614 coniunctivum
972 1547 1085 1614 aoristi
1111 1570 1205 1633 repo·

132 1656 276 1721 nendum
291 1655 388 1722 fuisse
411 1677 462 1722 mc
478 1661 586 1722 monet
600 1655 748 1722 Nauckio
766 1662 898 1722 auctore
915 1652 964 1743 (ot
986 1659 1029 1743 μὴ
1045 1660 1206 1743 τιστειιθῇς

134 1765 228 1845 2,15
253 1765 304 1826 καὶ
327 1759 428 1836 οὐθείς
450 1784 497 1826 σοι
519 1767 560 1850 μὴ
584 1764 722 1846 motator]
747 1765 846 1848 2,13)
869 1763 991 1828 Hense.

203 1869 304 1934 futuri
334 1868 524 1936 indicativus
558 1869 591 1934 in
622 1868 671 1934 his
706 1873 796 1953 29,7
829 1873 925 1956 πέμπε
954 1867 1036 1942 ὅπως
1063 1875 1205 1958 χρήματα

133 1981 276 2063 κτήσεται
299 1976 432 2060 ponitur
454 1975 629 2042 secundum
653 1975 915 2042 consuetudinem
937 1974 1134 2059 Atticorum,
1164 1977 1203 2042 cf.

133 2081 262 2166 Krueg.
288 2086 341 2166 53,
365 2089 394 2167 7,
413 2089 442 2147 7.
493 2081 574 2155 ὅπως
607 2083 692 2149 vocis
725 2084 771 2149 vis
806 2083 939 2150 relativa
974 2083 1070 2149 etiam
1103 2085 1205 2168 magis

134 2192 241 2257 elucet
264 2212 303 2256 ex
325 2191 374 2256 his
397 2189 478 2264 ὅπως
497 2190 580 2276 ἄρτοι
595 2193 727 2277 καθαροί
745 2196 797 2275 30,
812 2195 841 2275 6,
866 2171 1057 2276 quamquam
1080 2191 1143 2258 alia
1166 2214 1205 2258 ex

134 2303 230 2384 parte
253 2299 305 2363 hic
327 2299 419 2365 locus
442 2298 655 2382 suspicionem
678 2303 793 2364 movet.

202 2405 301 2471 verbo
325 2408 426 2492 μέλλω
449 2404 622 2471 infinitivus
645 2406 824 2489 praesentis
848 2405 1031 2490 adiungitur
1049 2410 1133 2488 12,6
1154 2410 1205 2470 καὶ

132 2513 253 2598 μέλλων
275 2511 486 2599 ἀποθνῄσκειν,
511 2511 550 2580 cf.
566 2511 691 2596 Krueg.
710 2516 762 2595 53,
780 2517 810 2596 8,
829 2518 858 2580 3.
899 2512 1017 2597 dialogi
1036 2511 1203 2579 formulam

132 2621 291 2703 resipiunt
306 2620 386 2686 haec
403 2625 455 2703 21,
470 2625 488 2686 3
504 2624 556 2685 καὶ
578 2631 641 2693 πῶς
663 2622 765 2707 μέλλει
788 2631 872 2685 τοῦτο
893 2618 1004 2694 ὄνειδος
1024 2618 1094 2684 εἶναι
1110 2621 1126 2684 ὃ
1141 2615 1203 2688 τιτὲ.

132 2725 225 2812 (und
247 2728 304 2792 wic
329 2727 423 2794 sollte
447 2727 514 2794 dies
538 2727 607 2794 sine
626 2725 783 2794 Schmach
803 2727 905 2813 scin),
930 2748 1066 2811 quorum
1091 2725 1204 2792 similis

132 2856 175 2900 ex
190 2833 328 2900 Platone
345 2833 473 2918 collegit
488 2833 640 2918 Krueger
655 2834 675 2902 1.
693 2856 721 2899 c.
743 2839 773 2902 2.
813 2834 957 2900 absolute
980 2833 1056 2917 poni
1079 2833 1204 2898 videtur

132 2942 252 3028 μέλλων
276 2946 329 3024 28,
343 2946 374 3025 8,
399 2941 457 3007 sed
480 2940 572 3008 facile
595 2940 765 3008 infinitivus
789 2940 979 3006 subauditur
1002 2961 1041 3005 ex
1055 2939 1203 3024 hisquae

132 3047 350 3132 praecedunt:
380 3045 514 3136 ‘dovrtop’
539 3052 611 3137 φησί
633 3045 675 3112 ‘ct
700 3048 873 3137 φασκὼλιον
903 3045 1012 3132 ῥᾳδίως
1041 3048 1126 3111 λῦσαι
1152 3049 1204 3111 καὶ

131 3166 171 3240 τῇ
195 3157 272 3241 χειρὶ
293 3152 400 3228 ἐξελὼν
423 3152 551 3229 coloro<
574 3153 691 3221 dcovm’.

203 3260 505 3347 Potioraquacdam
515 3261 671 3346 subiungo
685 3262 729 3328 de
744 3283 813 3328 usu
828 3259 979 3328 modali.
998 3260 1204 3326 indicativum

130 3366 265 3435 modum
288 3369 374 3435 haud
391 3390 466 3435 raro
489 3370 582 3453 ponit
597 3369 692 3436 Teles
714 3370 747 3434 in
771 3369 943 3436 enuntiatis
967 3368 1125 3453 primariis
1148 3368 1203 3433 ubi

130 3476 270 3542 sumitur
293 3476 413 3561 aliquid
445 3482 478 3542 st
501 3477 717 3543 condicionale
740 3476 833 3543 nobis
857 3481 1063 3561 exspectatur
1094 3476 1202 3560 potius

128 3581 311 3650 membrum
328 3583 383 3670 (cl.
399 3583 524 3668 Krueg.
543 3587 595 3666 54,
614 3588 643 3668 1,
662 3587 678 3648 1
694 3590 726 3650 et
742 3585 786 3670 2).
821 3584 878 3650 sed
899 3583 1016 3650 dehoc
1039 3603 1100 3648 usu
1122 3581 1203 3648 inira

129 3690 314 3757 accuratius
337 3695 461 3774 agetur.

200 3797 272 3880 plns
295 3797 413 3880 vigoris
436 3796 534 3863 habet
555 3797 745 3864 indicativus
769 3819 865 3882 quam
894 3797 1055 3881 optativus
1079 3817 1151 3861 cum
1167 3794 1202 3862 ἄν

129 3905 164 3970 in
188 3903 282 3969 huius
304 3904 392 3970 modi
415 3904 668 3988 interrogatione
700 3908 837 3977 καὶπῶς
860 3905 961 3990 μέλλει
985 3911 1069 3968 τοῦτο
1092 3901 1202 3976 ὄνειδος

128 4008 203 4077 εἶναι
219 4014 272 4093 21,
291 4016 321 4094 3,
345 4011 386 4076 cf.
401 4010 525 4096 Krueg.
544 4015 596 4096 54,
615 4016 644 4095 1,
663 4015 692 4076 3.
733 4010 876 4077 conferre
892 4011 979 4077 iuvat
995 4010 1073 4076 talia
1087 4021 1151 4082 πῶς
1166 4007 1201 4076 ἂν

128 4115 243 4190 ἐκεῖνος
265 4115 435 4206 εὔαρεστοὶη
451 4130 492 4203 τῷ
514 4123 567 4203 βίῳ
582 4116 641 4182 τιτὲ.
665 4121 720 4202 43,
737 4123 766 4200 3,
783 4118 833 4183 vel
846 4117 927 4184 haec
949 4127 1013 4190 πῶς
1036 4113 1091 4180 οὐκ
1105 4115 1202 4204 ἀκλή-

128 4247 229 4312 ρημα;
247 4263 287 4272 —-
305 4223 368 4289 Καὶ
390 4236 453 4297 πῶς
476 4223 511 4289 ἂν
531 4225 576 4312 εἴη
592 4234 675 4290 τοῦτο
691 4223 856 4312 ἀκλήμημα
871 4223 930 4289 ιττὲ.
951 4229 1001 4307 18,
1022 4226 1061 4288 14
1078 4223 1200 4289 similia.

199 4331 286 4397 solus
310 4331 501 4398 indicativus
524 4333 591 4397 sine
615 4329 650 4396 ἄν
673 4332 831 4397 neminem
854 4330 993 4399 offendet
1015 4331 1049 4396 in
1071 4331 1134 4396 his:
1164 4327 1201 4418 ἡν
