2996 5086
505 645 726 715 ..65-

89 850 257 932 nativoque
273 847 414 931 quodam
429 847 584 914 sermonis
599 845 762 912 familiaris
784 844 891 912 colore
909 845 1152 911 commendatur

88 978 142 1023 neo
165 963 274 1022 tamen
290 955 382 1021 deest
398 954 556 1021 oratorius
579 955 671 1039 vigor
686 953 878 1036 stimulique.
907 958 939 1018 et
962 958 999 1018 ut
1014 952 1152 1018 sontium

87 1061 145 1128 sert
173 1061 223 1128 vel
251 1083 359 1127 rerum
388 1067 505 1126 natura
532 1066 589 1126 aut
615 1061 714 1144 ipsius
737 1060 861 1126 Teletei
890 1060 1007 1145 ingenii
1033 1059 1150 1126 medio-

90 1169 195 1253 critas,
219 1169 316 1235 modo
340 1169 469 1253 parcior
491 1169 661 1235 verborum
685 1174 734 1234 est
759 1168 907 1251 scriptor,
931 1167 1029 1233 modo
1052 1167 1151 1232 abun-

88 1276 225 1360 dantior,
248 1276 345 1345 modo
367 1275 593 1343 iterationibus
616 1276 771 1342 molestus
795 1280 827 1340 et
850 1274 1031 1358 neglegens,
1055 1275 1151 1340 modo

87 1384 226 1450 acumine
250 1383 401 1449 adliciens
429 1384 584 1450 lectorem
607 1383 788 1466 salibusque
812 1382 924 1447 Bionis
954 1383 1154 1466 potissimum

87 1495 117 1555 et
131 1490 266 1557 facetiis.
295 1511 355 1557 nec
378 1491 594 1557 membrorum
617 1489 830 1564 conformatio
848 1511 913 1554 una
937 1490 1027 1573 quasi
1050 1489 1153 1554 forma

86 1617 238 1679 percussa
260 1602 323 1664 est:
354 1603 392 1662 ut
413 1597 522 1664 brevia
550 1597 622 1664 oola
652 1607 737 1663 amat
760 1596 854 1662 Teles
884 1603 916 1662 et
943 1597 1080 1678 minuta,
1109 1596 1155 1660 ita

87 1723 147 1770 non
172 1703 293 1786 spernit
316 1704 479 1787 longiores
502 1704 653 1790 periodos
682 1710 738 1770 aut
762 1723 815 1770 eas
839 1705 928 1768 cuius
951 1708 1061 1788 partes
1084 1707 1154 1768 arte

87 1831 187 1894 paene
211 1807 351 1895 Gorgiae
374 1811 466 1877 simili
490 1817 686 1897 exaequatae
710 1811 783 1876 sint.

151 1918 241 2001 quod
271 1917 421 1983 iudicium
450 1919 631 2003 potioribus
662 1918 785 2001 aliquot
817 1919 967 2002 exemplis
994 1917 1155 1983 illustrare

88 2025 118 2088 in
140 2025 249 2091 animo
273 2031 332 2090 est.
367 2046 405 2090 ao
429 2025 515 2109 quod
539 2026 603 2091 dixi
620 2025 746 2092 dicendi
762 2046 862 2109 genus
879 2025 1046 2091 Teleteum
1062 2025 1155 2090 nimis

89 2153 152 2197 non
178 2153 352 2215 numquam
373 2132 480 2198 fusum
497 2154 566 2199 esse
590 2139 623 2199 et
645 2131 823 2216 abundans,
846 2131 939 2198 facile
962 2132 995 2198 id
1010 2131 1155 2197 firmatur

89 2259 146 2303 usu
171 2257 429 2324 synonymorum.
466 2240 555 2305 cuius
579 2261 656 2304 usus
680 2261 753 2304 cum
775 2240 838 2305 iam
862 2238 902 2306 ab
918 2239 1044 2306 Hensio
1068 2239 1162 2304 lucu·¹

88 2343 226 2410 lentiora
249 2346 407 2429 quaedam
433 2347 578 2430 exempla
607 2346 684 2412 data
712 2347 880 2412 occasione
907 2352 1156 2413 commemorata

88 2450 210 2517 videam
225 2452 345 2537 proleg.
361 2475 394 2536 p.
409 2452 495 2537 XX,
511 2455 623 2538 paucis
639 2475 690 2519 me
706 2454 863 2519 contineo.
889 2454 1021 2518 velutin
1038 2460 1154 2538 quarto

91 2562 153 2642 περὶ
182 2563 282 2632 πενίας
308 2579 454 2625 sermone
480 2582 510 2644 p.
539 2564 589 2642 25,
621 2565 638 2626 1
665 2560 763 2627 γετίνα
789 2557 907 2633 οδδενδς
932 2562 1062 2643 γείνονται
1088 2558 1157 2624 οὐδὲ

88 2661 225 2730 ἅπτονται
248 2666 294 2732 ita
320 2667 557 2751 coniunguntur
572 2673 609 2732 ut
624 2668 780 2734 alterutro
797 2669 899 2734 careri
922 2669 1065 2753 potuerit
1088 2669 1155 2733 sine

90 2773 266 2838 sententiae
300 2773 504 2842 detrimento.
547 2775 615 2858 ipse
647 2777 730 2841 enim
758 2774 845 2840 infra
877 2775 956 2840 dixit
978 2798 1010 2860 p.
1036 2780 1088 2858 25,
1115 2777 1155 2841 13

88 2883 136 2942 aar
152 2875 368 2966 ἐπιθυμοῦντες
384 2877 502 2953 οὐδενδς
517 2883 659 2962 γεὺονται.
695 2882 879 2966 saepissime
895 2904 972 2948 vero
995 2883 1026 2947 in
1043 2882 1157 2948 eodem

90 2987 320 3052 commentario
343 2987 439 3054 Teles
469 2989 570 3054 utitur
598 2988 760 3055 locutione
790 2987 819 3055 ἐν
851 2987 947 3073 ἐνδείογ
964 2993 1026 3053 ’καὶ
1054 2994 1157 3055 σπάνει

90 3089 160 3156 εἶναι
176 3092 226 3158 vel
249 3097 391 3167 σπανίζειν
415 3097 465 3159 καὶ
489 3092 591 3182 ἐνδεὴς
614 3093 685 3161 εἶναι
706 3095 754 3161 vel
772 3100 913 3171 σπανίζειν
936 3100 988 3161 καὶ
1009 3093 1039 3162 ἐν
1062 3094 1157 3180 ἐνδείσγ

89 3196 158 3264 εἶναι
174 3199 224 3264 vel
244 3197 356 3273 ἐνδείας
378 3203 430 3265 καὶ
454 3206 597 3279 σπάνεως,
622 3222 695 3268 cum
718 3203 785 3287 ipse
808 3204 954 3286 posuerit
976 3203 1064 3269 salva
1087 3225 1154 3269 sen·

89 3306 192 3371 tentia
206 3306 328 3372 nudum
350 3307 429 3372 illud
446 3305 547 3397 ἐνδεής
564 3313 616 3390 32,
636 3313 687 3378 12.
706 3314 759 3393 37,
779 3313 818 3374 10
842 3309 891 3375 vel
914 3321 969 3375 τῶν
992 3308 1157 3391 ἀναγκαίων

90 3409 192 3500 ἐνδεής
222 3415 368 3499 (auctore
391 3414 510 3502 Bione)
534 3419 566 3500 4,
598 3422 618 3481 8
641 3415 691 3482 vel
721 3417 825 3482 solum
854 3413 891 3480 δι’
914 3414 1023 3483 ἐνδειαν
1048 3421 1100 3501 34,
1124 3421 1156 3483 4.

90 3521 119 3583 9.
135 3522 188 3587 10.
204 3519 237 3584 in
254 3520 367 3586 eadem
381 3521 478 3604 igitur
494 3521 633 3588 diatriba
649 3523 727 3589 baec
744 3545 992 3609 synonymorum
1007 3523 1158 3608 leguntur

89 3626 180 3707 paria
196 3628 248 3707 24,
266 3629 287 3690 4
304 3623 340 3690 δι’
355 3625 563 3714 ἀνελευθερίαν
579 3632 630 3693 καὶ
645 3627 787 3714 ῥυπαρίαν
804 3634 857 3714 25,
873 3635 895 3695 4
910 3641 1056 3716 κακουχεῐ
1071 3627 1157 3695 αὑτὸν

90 3734 140 3796 καὶ
165 3732 293 3819 ξηραίνει
310 3738 361 3815 33,
382 3737 399 3797 1
416 3732 445 3800 ἐν
468 3735 567 3821 πολλῇ
583 3734 619 3801 ἂν
635 3736 680 3823 εἴη
696 3735 782 3821 ἀδείογ
804 3741 856 3801 καί
878 3735 1050 3822 ἀσπανισπίσγ
1067 3742 1119 3821 33,
1139 3743 1155 3802 7

90 3842 166 3922 μέγα
188 3841 240 3903 καὶ
262 3837 416 3921 ἀξιόλογον
434 3845 523 3922 33,8
548 3839 722 3908 &toreuma
737 3846 789 3907 καί
809 3842 1018 3912 ἀκολάκευτον.
1043 3843 1157 3928 quibus

91 3943 240 4011 addenda
266 3951 342 4011 sunt
370 3967 452 4032 quae
479 3949 667 4015 memoravit
696 3949 895 4017 editoris.
925 3972 984 4016 nec
1008 3950 1157 4016 absimilis

91 4055 140 4115 est
162 4051 270 4134 lepida
292 4052 347 4118 illa
362 4051 475 4120 Bionis
496 4055 528 4119 in
544 4055 709 4140 hydropici
726 4057 938 4140 descriptione
962 4057 1159 4124 abundantia

92 4162 145 4239 29,
164 4161 183 4222 3
199 4165 310 4248 κρήνας
332 4163 383 4225 καὶ
405 4163 565 4248 ποταμοίς.
589 4163 668 4229 baec
693 4164 836 4247 exempla
860 4165 887 4229 si
909 4166 1088 4250 respexeris
1112 4167 1157 4231 in-

91 4263 225 4348 telleges
242 4266 357 4350 opinor
372 4267 477 4334 locum
494 4268 527 4332 in
541 4268 631 4336 libris
651 4269 817 4336 turbatum
834 4276 886 4353 27,
906 4275 945 4336 15
962 4277 1051 4339 recte
1066 4273 1158 4338 resti·

92 4377 199 4436 tutum
228 4393 297 4438 esse
326 4373 386 4439 sio:
417 4373 481 4439 obre
509 4373 622 4449 ἑαυτοῖς
645 4383 833 4464 προϊεμένους
855 4377 919 4442 οὔτε
942 4379 1047 4451 ἄλλοις
1070 4402 1159 4465 μετα-

945 4503 962 4556 δ
