<?xml version="1.0" encoding="UTF-8"?>
<!DOCTYPE html PUBLIC "-//W3C//DTD XHTML 1.0 Transitional//EN"
    "http://www.w3.org/TR/xhtml1/DTD/xhtml1-transitional.dtd">
<html xmlns="http://www.w3.org/1999/xhtml" xml:lang="en" lang="en">
 <head>
  <title>
</title>
<meta http-equiv="Content-Type" content="text/html;charset=utf-8" />
  <meta name='ocr-system' content='tesseract 3.04.00' />
  <meta name='ocr-capabilities' content='ocr_page ocr_carea ocr_par ocr_line ocrx_word'/>
</head>
<body>
  <div class='ocr_page' id='page_1' title='image "./deteletiselocut01mlgoog_0046.png"; bbox 0 0 2996 5086; ppageno 0'>
   <div class='ocr_carea' id='block_1_1' title="bbox 536 636 757 697">
    <p class='ocr_par' dir='ltr' id='par_1_1' title="bbox 536 636 757 697">
     <span class='ocr_line' id='line_1_1' title="bbox 536 636 757 697; baseline -0.009 -15"><span class='ocrx_word' id='word_1_1' title='bbox 536 636 757 697; x_wconf 77' lang='lat'><strong>..41-</strong></span> 
     </span>
    </p>
   </div>
   <div class='ocr_carea' id='block_1_2' title="bbox 110 826 1179 2095">
    <p class='ocr_par' dir='ltr' id='par_1_2' title="bbox 110 826 1179 2095">
     <span class='ocr_line' id='line_1_2' title="bbox 115 826 1178 917; baseline -0.003 -24"><span class='ocrx_word' id='word_1_2' title='bbox 115 829 198 917; x_wconf 82' lang='grc' dir='ltr'>Εένης</span> <span class='ocrx_word' id='word_1_3' title='bbox 214 828 299 915; x_wconf 86' lang='lat' dir='ltr'><strong>(vide</strong></span> <span class='ocrx_word' id='word_1_4' title='bbox 314 829 379 894; x_wconf 91' lang='lat' dir='ltr'><strong>ind.</strong></span> <span class='ocrx_word' id='word_1_5' title='bbox 395 851 421 894; x_wconf 91' lang='lat' dir='ltr'><strong>s.</strong></span> <span class='ocrx_word' id='word_1_6' title='bbox 438 826 498 916; x_wconf 81' lang='grc' dir='ltr'>ἐπέ)</span> <span class='ocrx_word' id='word_1_7' title='bbox 514 829 547 894; x_wconf 92' lang='lat' dir='ltr'><strong>id</strong></span> <span class='ocrx_word' id='word_1_8' title='bbox 571 834 675 893; x_wconf 86' lang='lat' dir='ltr'><strong>exstat</strong></span> <span class='ocrx_word' id='word_1_9' title='bbox 698 829 795 894; x_wconf 89' lang='lat' dir='ltr'><strong>etiam</strong></span> <span class='ocrx_word' id='word_1_10' title='bbox 817 827 903 913; x_wconf 87' lang='lat' dir='ltr'><strong>apud</strong></span> <span class='ocrx_word' id='word_1_11' title='bbox 925 826 1178 911; x_wconf 84' lang='lat' dir='ltr'>Xenophontem</span> 
     </span>
     <span class='ocr_line' id='line_1_3' title="bbox 114 933 1178 1022; baseline -0.001 -22"><span class='ocrx_word' id='word_1_12' title='bbox 114 936 190 1020; x_wconf 91' lang='lat' dir='ltr'><strong>reip.</strong></span> <span class='ocrx_word' id='word_1_13' title='bbox 213 935 332 1003; x_wconf 82' lang='lat' dir='ltr'><strong>Laced.</strong></span> <span class='ocrx_word' id='word_1_14' title='bbox 357 940 408 1019; x_wconf 89' lang='lat'><strong>14,</strong></span> <span class='ocrx_word' id='word_1_15' title='bbox 428 940 459 1001; x_wconf 88' lang='lat'><strong>4.</strong></span> <span class='ocrx_word' id='word_1_16' title='bbox 509 935 647 1002; x_wconf 86' lang='lat' dir='ltr'><strong>formula</strong></span> <span class='ocrx_word' id='word_1_17' title='bbox 670 933 726 1001; x_wconf 81' lang='grc' dir='ltr'><strong>ἐπὶ</strong></span> <span class='ocrx_word' id='word_1_18' title='bbox 753 944 812 998; x_wconf 83' lang='grc' dir='ltr'><strong>τοῦ</strong></span> <span class='ocrx_word' id='word_1_19' title='bbox 839 940 1014 1022; x_wconf 85' lang='grc' dir='ltr'><strong>παρόντος</strong></span> <span class='ocrx_word' id='word_1_20' title='bbox 1042 934 1076 999; x_wconf 90' lang='lat' dir='ltr'><strong>in</strong></span> <span class='ocrx_word' id='word_1_21' title='bbox 1105 954 1178 999; x_wconf 89' lang='lat' dir='ltr'><strong>con·</strong></span> 
     </span>
     <span class='ocr_line' id='line_1_4' title="bbox 114 1038 1179 1129; baseline -0.004 -21"><span class='ocrx_word' id='word_1_22' title='bbox 114 1044 256 1110; x_wconf 84' lang='lat' dir='ltr'><strong>cessione</strong></span> <span class='ocrx_word' id='word_1_23' title='bbox 285 1044 415 1129; x_wconf 89' lang='lat' dir='ltr'><strong>ponitur</strong></span> <span class='ocrx_word' id='word_1_24' title='bbox 444 1048 539 1126; x_wconf 77' lang='lat'>27‚1</span> <span class='ocrx_word' id='word_1_25' title='bbox 575 1041 599 1108; x_wconf 79' lang='grc' dir='ltr'>εἰ</span> <span class='ocrx_word' id='word_1_26' title='bbox 634 1044 667 1107; x_wconf 86' lang='grc' dir='ltr'><strong>δὲ</strong></span> <span class='ocrx_word' id='word_1_27' title='bbox 697 1046 748 1107; x_wconf 87' lang='grc' dir='ltr'><strong>καὶ</strong></span> <span class='ocrx_word' id='word_1_28' title='bbox 781 1048 864 1109; x_wconf 80' lang='grc' dir='ltr'>τοῦτό</span> <span class='ocrx_word' id='word_1_29' title='bbox 893 1046 935 1115; x_wconf 80' lang='grc' dir='ltr'><strong>τίς</strong></span> <span class='ocrx_word' id='word_1_30' title='bbox 964 1065 1009 1108; x_wconf 82' lang='grc' dir='ltr'><strong>σοι</strong></span> <span class='ocrx_word' id='word_1_31' title='bbox 1039 1042 1105 1128; x_wconf 77' lang='grc' dir='ltr'>δοίη</span> <span class='ocrx_word' id='word_1_32' title='bbox 1132 1038 1179 1104; x_wconf 83' lang='grc' dir='ltr'><strong>ἐπὶ</strong></span> 
     </span>
     <span class='ocr_line' id='line_1_5' title="bbox 113 1147 1179 1237; baseline -0.002 -23"><span class='ocrx_word' id='word_1_33' title='bbox 113 1160 164 1214; x_wconf 84' lang='grc' dir='ltr'><strong>τοῦ</strong></span> <span class='ocrx_word' id='word_1_34' title='bbox 186 1155 339 1236; x_wconf 84' lang='grc' dir='ltr'><strong>παρόντος,</strong></span> <span class='ocrx_word' id='word_1_35' title='bbox 362 1148 430 1216; x_wconf 78' lang='grc' dir='ltr'><strong>ἀλλ’</strong></span> <span class='ocrx_word' id='word_1_36' title='bbox 452 1149 553 1237; x_wconf 77' lang='grc' dir='ltr'>ὅμοιόν</span> <span class='ocrx_word' id='word_1_37' title='bbox 576 1148 635 1215; x_wconf 82' lang='grc' dir='ltr'>ἐστι</span> <span class='ocrx_word' id='word_1_38' title='bbox 658 1147 716 1216; x_wconf 83' lang='grc' dir='ltr'><strong>κτὲ.</strong></span> <span class='ocrx_word' id='word_1_39' title='bbox 751 1150 815 1216; x_wconf 92' lang='lat' dir='ltr'><strong>duo</strong></span> <span class='ocrx_word' id='word_1_40' title='bbox 838 1150 933 1233; x_wconf 86' lang='lat' dir='ltr'><strong>plane</strong></span> <span class='ocrx_word' id='word_1_41' title='bbox 954 1147 1088 1233; x_wconf 88' lang='lat' dir='ltr'><strong>gemella</strong></span> <span class='ocrx_word' id='word_1_42' title='bbox 1102 1147 1179 1213; x_wconf 92' lang='lat' dir='ltr'><strong>mihi</strong></span> 
     </span>
     <span class='ocr_line' id='line_1_6' title="bbox 112 1254 1179 1342; baseline -0.005 -20"><span class='ocrx_word' id='word_1_43' title='bbox 112 1259 272 1340; x_wconf 79' lang='lat' dir='ltr'><strong>suggessit</strong></span> <span class='ocrx_word' id='word_1_44' title='bbox 295 1258 441 1342; x_wconf 89' lang='lat' dir='ltr'><strong>exempla</strong></span> <span class='ocrx_word' id='word_1_45' title='bbox 454 1258 567 1324; x_wconf 86' lang='lat' dir='ltr'><strong>Hense</strong></span> <span class='ocrx_word' id='word_1_46' title='bbox 582 1257 746 1324; x_wconf 86' lang='lat' dir='ltr'><strong>Aristonis</strong></span> <span class='ocrx_word' id='word_1_47' title='bbox 766 1255 838 1322; x_wconf 82' lang='lat' dir='ltr'><strong>Ohii</strong></span> <span class='ocrx_word' id='word_1_48' title='bbox 861 1256 947 1340; x_wconf 90' lang='lat' dir='ltr'><strong>apud</strong></span> <span class='ocrx_word' id='word_1_49' title='bbox 963 1254 1179 1338; x_wconf 75' lang='lat' dir='ltr'><strong>Theophilum</strong></span> 
     </span>
     <span class='ocr_line' id='line_1_7' title="bbox 112 1360 1178 1448; baseline -0.003 -20"><span class='ocrx_word' id='word_1_50' title='bbox 112 1362 154 1428; x_wconf 93' lang='lat' dir='ltr'><strong>ad</strong></span> <span class='ocrx_word' id='word_1_51' title='bbox 171 1363 284 1431; x_wconf 86' lang='lat' dir='ltr'><strong>Autol.</strong></span> <span class='ocrx_word' id='word_1_52' title='bbox 302 1364 358 1430; x_wconf 94' lang='lat' dir='ltr'><strong>III</strong></span> <span class='ocrx_word' id='word_1_53' title='bbox 375 1370 392 1428; x_wconf 88' lang='grc'>7</span> <span class='ocrx_word' id='word_1_54' title='bbox 416 1387 448 1448; x_wconf 90' lang='lat' dir='ltr'><strong>p.</strong></span> <span class='ocrx_word' id='word_1_55' title='bbox 465 1369 530 1430; x_wconf 78' lang='grc'><strong>206</strong></span> <span class='ocrx_word' id='word_1_56' title='bbox 548 1365 596 1433; x_wconf 93' lang='lat' dir='ltr'><strong>ed.</strong></span> <span class='ocrx_word' id='word_1_57' title='bbox 615 1363 695 1432; x_wconf 93' lang='lat' dir='ltr'><strong>Otto</strong></span> <span class='ocrx_word' id='word_1_58' title='bbox 713 1363 875 1448; x_wconf 87' lang='lat' dir='ltr'><strong>(Meineke</strong></span> <span class='ocrx_word' id='word_1_59' title='bbox 890 1363 964 1429; x_wconf 91' lang='lat' dir='ltr'><strong>hist.</strong></span> <span class='ocrx_word' id='word_1_60' title='bbox 981 1384 1111 1446; x_wconf 87' lang='lat' dir='ltr'><strong>comp.</strong></span> <span class='ocrx_word' id='word_1_61' title='bbox 1128 1360 1178 1445; x_wconf 87' lang='lat' dir='ltr'><strong>X)</strong></span> 
     </span>
     <span class='ocr_line' id='line_1_8' title="bbox 111 1468 1177 1557; baseline -0.002 -23"><span class='ocrx_word' id='word_1_62' title='bbox 111 1468 160 1534; x_wconf 82' lang='grc' dir='ltr'><strong>ἐπὶ</strong></span> <span class='ocrx_word' id='word_1_63' title='bbox 184 1480 234 1535; x_wconf 82' lang='grc' dir='ltr'><strong>τοῦ</strong></span> <span class='ocrx_word' id='word_1_64' title='bbox 256 1477 412 1556; x_wconf 83' lang='grc' dir='ltr'>παρόντος·</span> <span class='ocrx_word' id='word_1_65' title='bbox 440 1470 520 1537; x_wconf 74' lang='grc' dir='ltr'><strong>ἀλλὰ</strong></span> <span class='ocrx_word' id='word_1_66' title='bbox 543 1472 587 1536; x_wconf 86' lang='grc' dir='ltr'><strong>δεῖ</strong></span> <span class='ocrx_word' id='word_1_67' title='bbox 607 1476 707 1557; x_wconf 85' lang='grc' dir='ltr'>πόρρω</span> <span class='ocrx_word' id='word_1_68' title='bbox 730 1472 858 1556; x_wconf 83' lang='grc' dir='ltr'>βλέπειν,</span> <span class='ocrx_word' id='word_1_69' title='bbox 884 1475 917 1535; x_wconf 92' lang='lat' dir='ltr'><strong>et</strong></span> <span class='ocrx_word' id='word_1_70' title='bbox 938 1469 1073 1552; x_wconf 80' lang='lat' dir='ltr'><strong>Epicuri</strong></span> <span class='ocrx_word' id='word_1_71' title='bbox 1096 1472 1177 1533; x_wconf 89' lang='lat' dir='ltr'><strong>sent.</strong></span> 
     </span>
     <span class='ocr_line' id='line_1_9' title="bbox 110 1574 1179 1665; baseline -0.003 -23"><span class='ocrx_word' id='word_1_72' title='bbox 110 1577 259 1647; x_wconf 86' lang='lat' dir='ltr'>XXXV</span> <span class='ocrx_word' id='word_1_73' title='bbox 281 1601 312 1663; x_wconf 92' lang='lat' dir='ltr'><strong>p.</strong></span> <span class='ocrx_word' id='word_1_74' title='bbox 338 1583 389 1662; x_wconf 86' lang='grc'><strong>79,</strong></span> <span class='ocrx_word' id='word_1_75' title='bbox 407 1584 425 1643; x_wconf 94' lang='grc'>6</span> <span class='ocrx_word' id='word_1_76' title='bbox 450 1577 714 1648; x_wconf 62' lang='lat' dir='ltr'><strong>edisserendo</strong></span> <span class='ocrx_word' id='word_1_77' title='bbox 736 1583 873 1665; x_wconf 79' lang='grc' dir='ltr'>μυριάκις</span> <span class='ocrx_word' id='word_1_78' title='bbox 895 1574 942 1641; x_wconf 83' lang='grc' dir='ltr'><strong>ἐπὶ</strong></span> <span class='ocrx_word' id='word_1_79' title='bbox 964 1584 1014 1640; x_wconf 83' lang='grc' dir='ltr'><strong>τοῦ</strong></span> <span class='ocrx_word' id='word_1_80' title='bbox 1036 1578 1179 1661; x_wconf 85' lang='grc' dir='ltr'>παρόντος</span> 
     </span>
     <span class='ocr_line' id='line_1_10' title="bbox 110 1683 1179 1771; baseline -0.003 -22"><span class='ocrx_word' id='word_1_81' title='bbox 110 1687 259 1771; x_wconf 82' lang='grc' dir='ltr'>λανδάνρ,</span> <span class='ocrx_word' id='word_1_82' title='bbox 283 1684 338 1751; x_wconf 92' lang='lat' dir='ltr'><strong>ubi</strong></span> <span class='ocrx_word' id='word_1_83' title='bbox 353 1683 400 1750; x_wconf 77' lang='lat' dir='ltr'><strong>ee</strong></span> <span class='ocrx_word' id='word_1_84' title='bbox 415 1687 558 1751; x_wconf 80' lang='lat' dir='ltr'><strong>restituit</strong></span> <span class='ocrx_word' id='word_1_85' title='bbox 571 1685 751 1770; x_wconf 83' lang='lat' dir='ltr'><strong>Menagius.</strong></span> <span class='ocrx_word' id='word_1_86' title='bbox 775 1684 961 1751; x_wconf 88' lang='lat' dir='ltr'><strong>Aristotelis</strong></span> <span class='ocrx_word' id='word_1_87' title='bbox 981 1704 1079 1749; x_wconf 91' lang='lat' dir='ltr'><strong>unum</strong></span> <span class='ocrx_word' id='word_1_88' title='bbox 1099 1683 1179 1748; x_wconf 89' lang='lat' dir='ltr'><strong>citat</strong></span> 
     </span>
     <span class='ocr_line' id='line_1_11' title="bbox 110 1789 1178 1877; baseline -0.002 -21"><span class='ocrx_word' id='word_1_89' title='bbox 110 1791 229 1857; x_wconf 87' lang='lat' dir='ltr'><strong>Bonitz</strong></span> <span class='ocrx_word' id='word_1_90' title='bbox 258 1793 323 1858; x_wconf 91' lang='lat' dir='ltr'><strong>ind.</strong></span> <span class='ocrx_word' id='word_1_91' title='bbox 345 1814 377 1876; x_wconf 91' lang='lat' dir='ltr'><strong>p.</strong></span> <span class='ocrx_word' id='word_1_92' title='bbox 402 1797 483 1858; x_wconf 79' lang='lat'><strong>268·</strong></span> <span class='ocrx_word' id='word_1_93' title='bbox 515 1798 545 1860; x_wconf 87' lang='grc'><strong>7.</strong></span> <span class='ocrx_word' id='word_1_94' title='bbox 582 1792 760 1877; x_wconf 81' lang='lat' dir='ltr'><strong>Polybiane</strong></span> <span class='ocrx_word' id='word_1_95' title='bbox 790 1792 919 1875; x_wconf 82' lang='lat' dir='ltr'><strong>collegit</strong></span> <span class='ocrx_word' id='word_1_96' title='bbox 951 1795 984 1857; x_wconf 94' lang='lat' dir='ltr'><strong>et</strong></span> <span class='ocrx_word' id='word_1_97' title='bbox 1013 1789 1178 1856; x_wconf 89' lang='lat' dir='ltr'><strong>Diodorea</strong></span> 
     </span>
     <span class='ocr_line' id='line_1_12' title="bbox 110 1895 1178 1984; baseline -0.003 -20"><span class='ocrx_word' id='word_1_98' title='bbox 110 1898 223 1965; x_wconf 86' lang='lat' dir='ltr'><strong>Krebs</strong></span> <span class='ocrx_word' id='word_1_99' title='bbox 245 1899 266 1964; x_wconf 93' lang='lat' dir='ltr'><strong>l.</strong></span> <span class='ocrx_word' id='word_1_100' title='bbox 283 1921 310 1964; x_wconf 93' lang='lat' dir='ltr'><strong>c.</strong></span> <span class='ocrx_word' id='word_1_101' title='bbox 327 1921 359 1983; x_wconf 93' lang='lat' dir='ltr'><strong>p.</strong></span> <span class='ocrx_word' id='word_1_102' title='bbox 377 1905 429 1965; x_wconf 82' lang='lat'><strong>80.</strong></span> <span class='ocrx_word' id='word_1_103' title='bbox 466 1900 602 1984; x_wconf 87' lang='lat' dir='ltr'><strong>denique</strong></span> <span class='ocrx_word' id='word_1_104' title='bbox 625 1920 839 1966; x_wconf 88' lang='lat' dir='ltr'><strong>commemoro</strong></span> <span class='ocrx_word' id='word_1_105' title='bbox 863 1902 899 1963; x_wconf 86' lang='grc' dir='ltr'><strong>τὰ</strong></span> <span class='ocrx_word' id='word_1_106' title='bbox 922 1895 1046 1964; x_wconf 81' lang='grc' dir='ltr'>ἐπὶτῶν</span> <span class='ocrx_word' id='word_1_107' title='bbox 1069 1907 1178 1982; x_wconf 80' lang='grc' dir='ltr'>τεχνῶν</span> 
     </span>
     <span class='ocr_line' id='line_1_13' title="bbox 113 2003 1178 2095; baseline -0.002 -25"><span class='ocrx_word' id='word_1_108' title='bbox 113 2008 200 2089; x_wconf 90' lang='grc'>14,3</span> <span class='ocrx_word' id='word_1_109' title='bbox 225 2011 257 2071; x_wconf 89' lang='lat' dir='ltr'><strong>et</strong></span> <span class='ocrx_word' id='word_1_110' title='bbox 280 2003 343 2071; x_wconf 73' lang='grc' dir='ltr'>οὐδ’</span> <span class='ocrx_word' id='word_1_111' title='bbox 365 2005 451 2094; x_wconf 80' lang='grc' dir='ltr'>ἡμεῖς</span> <span class='ocrx_word' id='word_1_112' title='bbox 474 2003 520 2070; x_wconf 82' lang='grc' dir='ltr'><strong>ἐπὶ</strong></span> <span class='ocrx_word' id='word_1_113' title='bbox 543 2017 598 2073; x_wconf 84' lang='grc' dir='ltr'><strong>τῶν</strong></span> <span class='ocrx_word' id='word_1_114' title='bbox 621 2005 769 2095; x_wconf 75' lang='grc' dir='ltr'>ἡμετέρων</span> <span class='ocrx_word' id='word_1_115' title='bbox 791 2017 887 2093; x_wconf 83' lang='grc' dir='ltr'>μερῶν</span> <span class='ocrx_word' id='word_1_116' title='bbox 902 2010 956 2089; x_wconf 90' lang='grc'><strong>46,</strong></span> <span class='ocrx_word' id='word_1_117' title='bbox 972 2009 1001 2073; x_wconf 87' lang='lat'><strong>3.</strong></span> <span class='ocrx_word' id='word_1_118' title='bbox 1037 2003 1178 2069; x_wconf 88' lang='lat' dir='ltr'><strong>dativum</strong></span> 
     </span>
    </p>
   </div>
   <div class='ocr_carea' id='block_1_3' title="bbox 110 2110 1179 2523">
    <p class='ocr_par' dir='ltr' id='par_1_3' title="bbox 110 2110 1179 2523">
     <span class='ocr_line' id='line_1_14' title="bbox 111 2110 1178 2198; baseline -0.001 -21"><span class='ocrx_word' id='word_1_119' title='bbox 111 2112 208 2179; x_wconf 80' lang='lat' dir='ltr'><strong>Telos</strong></span> <span class='ocrx_word' id='word_1_120' title='bbox 239 2113 313 2179; x_wconf 90' lang='lat' dir='ltr'><strong>huic</strong></span> <span class='ocrx_word' id='word_1_121' title='bbox 344 2114 576 2198; x_wconf 83' lang='lat' dir='ltr'><strong>praepositioni</strong></span> <span class='ocrx_word' id='word_1_122' title='bbox 606 2135 672 2180; x_wconf 92' lang='lat' dir='ltr'><strong>non</strong></span> <span class='ocrx_word' id='word_1_123' title='bbox 704 2113 821 2180; x_wconf 89' lang='lat' dir='ltr'><strong>subicit</strong></span> <span class='ocrx_word' id='word_1_124' title='bbox 852 2113 913 2179; x_wconf 90' lang='lat' dir='ltr'><strong>nisi</strong></span> <span class='ocrx_word' id='word_1_125' title='bbox 944 2113 977 2178; x_wconf 92' lang='lat' dir='ltr'><strong>in</strong></span> <span class='ocrx_word' id='word_1_126' title='bbox 1008 2110 1178 2177; x_wconf 87' lang='lat' dir='ltr'><strong>structuris</strong></span> 
     </span>
     <span class='ocr_line' id='line_1_15' title="bbox 110 2217 1177 2309; baseline -0.001 -24"><span class='ocrx_word' id='word_1_127' title='bbox 110 2217 275 2286; x_wconf 74' lang='grc' dir='ltr'>ὀδυνᾶσθαι</span> <span class='ocrx_word' id='word_1_128' title='bbox 303 2218 350 2286; x_wconf 80' lang='grc' dir='ltr'><strong>ἐπί</strong></span> <span class='ocrx_word' id='word_1_129' title='bbox 377 2245 441 2300; x_wconf 89' lang='grc' dir='ltr'>τινι,</span> <span class='ocrx_word' id='word_1_130' title='bbox 469 2220 626 2309; x_wconf 78' lang='grc' dir='ltr'>ἄχθεσθαι</span> <span class='ocrx_word' id='word_1_131' title='bbox 654 2222 739 2306; x_wconf 84' lang='lat' dir='ltr'><strong>sim,</strong></span> <span class='ocrx_word' id='word_1_132' title='bbox 767 2221 838 2287; x_wconf 83' lang='lat' dir='ltr'><strong>vide</strong></span> <span class='ocrx_word' id='word_1_133' title='bbox 861 2242 958 2306; x_wconf 85' lang='lat' dir='ltr'><strong>supra</strong></span> <span class='ocrx_word' id='word_1_134' title='bbox 979 2243 1010 2305; x_wconf 91' lang='lat' dir='ltr'><strong>p.</strong></span> <span class='ocrx_word' id='word_1_135' title='bbox 1035 2224 1085 2285; x_wconf 89' lang='grc'><strong>13.</strong></span> <span class='ocrx_word' id='word_1_136' title='bbox 1125 2241 1177 2285; x_wconf 85' lang='lat' dir='ltr'><strong>ac·</strong></span> 
     </span>
     <span class='ocr_line' id='line_1_16' title="bbox 111 2326 1179 2418; baseline -0.002 -26"><span class='ocrx_word' id='word_1_137' title='bbox 111 2327 249 2393; x_wconf 81' lang='lat' dir='ltr'><strong>cusativi</strong></span> <span class='ocrx_word' id='word_1_138' title='bbox 271 2330 416 2412; x_wconf 84' lang='lat' dir='ltr'><strong>exempla</strong></span> <span class='ocrx_word' id='word_1_139' title='bbox 438 2330 565 2413; x_wconf 88' lang='lat' dir='ltr'><strong>repperi</strong></span> <span class='ocrx_word' id='word_1_140' title='bbox 580 2329 660 2395; x_wconf 89' lang='lat' dir='ltr'><strong>haee</strong></span> <span class='ocrx_word' id='word_1_141' title='bbox 682 2326 727 2418; x_wconf 83' lang='grc' dir='ltr'><strong>ἐρ’</strong></span> <span class='ocrx_word' id='word_1_142' title='bbox 742 2326 818 2414; x_wconf 83' lang='grc' dir='ltr'>ἱερὸν</span> <span class='ocrx_word' id='word_1_143' title='bbox 833 2331 964 2400; x_wconf 77' lang='grc' dir='ltr'>καδίοας</span> <span class='ocrx_word' id='word_1_144' title='bbox 987 2331 1051 2412; x_wconf 89' lang='grc'><strong>4,3</strong></span> <span class='ocrx_word' id='word_1_145' title='bbox 1077 2349 1179 2412; x_wconf 89' lang='grc' dir='ltr'>παρει-</span> 
     </span>
     <span class='ocr_line' id='line_1_17' title="bbox 110 2431 1177 2523; baseline 0.002 -26"><span class='ocrx_word' id='word_1_146' title='bbox 110 2436 243 2523; x_wconf 84' lang='grc' dir='ltr'>ληφότος</span> <span class='ocrx_word' id='word_1_147' title='bbox 260 2483 267 2499; x_wconf 95' lang='grc'><strong>.</strong></span> <span class='ocrx_word' id='word_1_148' title='bbox 285 2484 315 2499; x_wconf 92' lang='grc'><strong>..</strong></span> <span class='ocrx_word' id='word_1_149' title='bbox 348 2431 393 2499; x_wconf 78' lang='grc' dir='ltr'><strong>ἐπ’</strong></span> <span class='ocrx_word' id='word_1_150' title='bbox 425 2434 541 2520; x_wconf 84' lang='grc' dir='ltr'>ἄριστον</span> <span class='ocrx_word' id='word_1_151' title='bbox 574 2440 624 2518; x_wconf 80' lang='grc'><strong>12,</strong></span> <span class='ocrx_word' id='word_1_152' title='bbox 651 2440 690 2501; x_wconf 81' lang='lat'><strong>12</strong></span> <span class='ocrx_word' id='word_1_153' title='bbox 722 2434 763 2508; x_wconf 83' lang='grc' dir='ltr'><strong>ὡς</strong></span> <span class='ocrx_word' id='word_1_154' title='bbox 794 2433 841 2500; x_wconf 79' lang='grc' dir='ltr'><strong>ἐπὶ</strong></span> <span class='ocrx_word' id='word_1_155' title='bbox 870 2438 903 2500; x_wconf 84' lang='grc' dir='ltr'><strong>τὸ</strong></span> <span class='ocrx_word' id='word_1_156' title='bbox 933 2437 1008 2500; x_wconf 75' lang='lat' dir='ltr'><strong>rote</strong></span> <span class='ocrx_word' id='word_1_157' title='bbox 1039 2435 1177 2520; x_wconf 87' lang='lat' dir='ltr'><strong>(Krueg.</strong></span> 
     </span>
    </p>
   </div>
   <div class='ocr_carea' id='block_1_4' title="bbox 106 2542 1178 4456">
    <p class='ocr_par' dir='ltr' id='par_1_4' title="bbox 114 2542 418 2630">
     <span class='ocr_line' id='line_1_18' title="bbox 114 2542 418 2630; baseline 0.003 -24"><span class='ocrx_word' id='word_1_158' title='bbox 114 2546 170 2625; x_wconf 83' lang='grc'><strong>69,</strong></span> <span class='ocrx_word' id='word_1_159' title='bbox 188 2547 239 2624; x_wconf 91' lang='grc'><strong>63,</strong></span> <span class='ocrx_word' id='word_1_160' title='bbox 258 2542 292 2630; x_wconf 85' lang='grc'><strong>6)</strong></span> <span class='ocrx_word' id='word_1_161' title='bbox 318 2545 370 2627; x_wconf 88' lang='grc'><strong>34,</strong></span> <span class='ocrx_word' id='word_1_162' title='bbox 387 2545 418 2607; x_wconf 91' lang='lat'><strong>4.</strong></span> 
     </span>
    </p>

    <p class='ocr_par' dir='ltr' id='par_1_5' title="bbox 107 2645 1178 3488">
     <span class='ocr_line' id='line_1_19' title="bbox 180 2645 1177 2718; baseline 0.004 -6"><span class='ocrx_word' id='word_1_163' title='bbox 180 2645 235 2712; x_wconf 79' lang='grc' dir='ltr'><strong>ὑπό</strong></span> <span class='ocrx_word' id='word_1_164' title='bbox 258 2670 317 2715; x_wconf 89' lang='lat' dir='ltr'><strong>neo</strong></span> <span class='ocrx_word' id='word_1_165' title='bbox 341 2671 412 2716; x_wconf 91' lang='lat' dir='ltr'><strong>cum</strong></span> <span class='ocrx_word' id='word_1_166' title='bbox 436 2650 542 2716; x_wconf 88' lang='lat' dir='ltr'><strong>dativo</strong></span> <span class='ocrx_word' id='word_1_167' title='bbox 566 2651 700 2716; x_wconf 89' lang='lat' dir='ltr'><strong>struitur</strong></span> <span class='ocrx_word' id='word_1_168' title='bbox 722 2671 781 2716; x_wconf 90' lang='lat' dir='ltr'><strong>nec</strong></span> <span class='ocrx_word' id='word_1_169' title='bbox 809 2671 881 2716; x_wconf 90' lang='lat' dir='ltr'><strong>cum</strong></span> <span class='ocrx_word' id='word_1_170' title='bbox 904 2649 1099 2718; x_wconf 83' lang='lat' dir='ltr'><strong>accusativo.</strong></span> <span class='ocrx_word' id='word_1_171' title='bbox 1138 2671 1177 2716; x_wconf 90' lang='lat' dir='ltr'><strong>eo</strong></span> 
     </span>
     <span class='ocr_line' id='line_1_20' title="bbox 109 2755 1177 2840; baseline 0.001 -20"><span class='ocrx_word' id='word_1_172' title='bbox 109 2755 231 2839; x_wconf 90' lang='lat' dir='ltr'><strong>legitur</strong></span> <span class='ocrx_word' id='word_1_173' title='bbox 253 2757 380 2840; x_wconf 87' lang='lat' dir='ltr'><strong>saepius</strong></span> <span class='ocrx_word' id='word_1_174' title='bbox 403 2755 459 2822; x_wconf 80' lang='lat' dir='ltr'><strong>brt</strong></span> <span class='ocrx_word' id='word_1_175' title='bbox 482 2781 572 2836; x_wconf 91' lang='grc' dir='ltr'>τινος,</span> <span class='ocrx_word' id='word_1_176' title='bbox 601 2757 658 2824; x_wconf 91' lang='lat' dir='ltr'><strong>sed</strong></span> <span class='ocrx_word' id='word_1_177' title='bbox 684 2757 750 2824; x_wconf 85' lang='lat' dir='ltr'><strong>fere</strong></span> <span class='ocrx_word' id='word_1_178' title='bbox 775 2779 814 2823; x_wconf 85' lang='lat' dir='ltr'><strong>ex</strong></span> <span class='ocrx_word' id='word_1_179' title='bbox 837 2756 1066 2824; x_wconf 90' lang='lat' dir='ltr'><strong>consuetudine</strong></span> <span class='ocrx_word' id='word_1_180' title='bbox 1090 2756 1177 2823; x_wconf 85' lang='lat' dir='ltr'><strong>Atti-</strong></span> 
     </span>
     <span class='ocr_line' id='line_1_21' title="bbox 110 2862 1177 2946; baseline 0.003 -19"><span class='ocrx_word' id='word_1_181' title='bbox 110 2883 235 2928; x_wconf 91' lang='lat' dir='ltr'><strong>corum.</strong></span> <span class='ocrx_word' id='word_1_182' title='bbox 263 2862 333 2930; x_wconf 90' lang='lat' dir='ltr'><strong>vide</strong></span> <span class='ocrx_word' id='word_1_183' title='bbox 356 2864 422 2930; x_wconf 91' lang='lat' dir='ltr'><strong>ind.</strong></span> <span class='ocrx_word' id='word_1_184' title='bbox 438 2886 507 2932; x_wconf 85' lang='lat' dir='ltr'><strong>voc.</strong></span> <span class='ocrx_word' id='word_1_185' title='bbox 533 2870 569 2929; x_wconf 93' lang='lat' dir='ltr'><strong>ut</strong></span> <span class='ocrx_word' id='word_1_186' title='bbox 593 2887 689 2932; x_wconf 89' lang='lat' dir='ltr'><strong>causa</strong></span> <span class='ocrx_word' id='word_1_187' title='bbox 712 2866 884 2932; x_wconf 86' lang='lat' dir='ltr'><strong>denotetur</strong></span> <span class='ocrx_word' id='word_1_188' title='bbox 908 2863 1057 2946; x_wconf 88' lang='lat' dir='ltr'><strong>efficiens,</strong></span> <span class='ocrx_word' id='word_1_189' title='bbox 1082 2865 1177 2931; x_wconf 89' lang='lat' dir='ltr'><strong>etiam</strong></span> 
     </span>
     <span class='ocr_line' id='line_1_22' title="bbox 109 2969 1177 3058; baseline 0.001 -24"><span class='ocrx_word' id='word_1_190' title='bbox 109 2990 186 3034; x_wconf 91' lang='lat' dir='ltr'><strong>cum</strong></span> <span class='ocrx_word' id='word_1_191' title='bbox 208 2970 255 3035; x_wconf 89' lang='lat' dir='ltr'><strong>rei</strong></span> <span class='ocrx_word' id='word_1_192' title='bbox 278 2971 457 3038; x_wconf 90' lang='lat' dir='ltr'><strong>nominibus</strong></span> <span class='ocrx_word' id='word_1_193' title='bbox 480 2972 622 3056; x_wconf 86' lang='lat' dir='ltr'><strong>iungitur</strong></span> <span class='ocrx_word' id='word_1_194' title='bbox 644 2969 700 3037; x_wconf 79' lang='grc' dir='ltr'><strong>ὑπό</strong></span> <span class='ocrx_word' id='word_1_195' title='bbox 722 2973 756 3037; x_wconf 93' lang='lat' dir='ltr'><strong>in</strong></span> <span class='ocrx_word' id='word_1_196' title='bbox 778 2971 882 3038; x_wconf 84' lang='lat' dir='ltr'><strong>verbis</strong></span> <span class='ocrx_word' id='word_1_197' title='bbox 905 2971 1017 3038; x_wconf 91' lang='lat' dir='ltr'><strong>Bionis</strong></span> <span class='ocrx_word' id='word_1_198' title='bbox 1041 2975 1132 3053; x_wconf 74' lang='lat'><strong>23,2</strong></span> <span class='ocrx_word' id='word_1_199' title='bbox 1157 2969 1177 3058; x_wconf 82' lang='grc' dir='ltr'><strong>ἢ</strong></span> 
     </span>
     <span class='ocr_line' id='line_1_23' title="bbox 109 3074 1178 3167; baseline 0.004 -28"><span class='ocrx_word' id='word_1_200' title='bbox 109 3081 136 3140; x_wconf 81' lang='grc' dir='ltr'><strong>τί</strong></span> <span class='ocrx_word' id='word_1_201' title='bbox 161 3078 290 3166; x_wconf 82' lang='grc' dir='ltr'>διαφέρει</span> <span class='ocrx_word' id='word_1_202' title='bbox 318 3074 383 3142; x_wconf 76' lang='grc' dir='ltr'><strong>ὑπὸ</strong></span> <span class='ocrx_word' id='word_1_203' title='bbox 410 3082 519 3165; x_wconf 87' lang='grc' dir='ltr'>πορδς</span> <span class='ocrx_word' id='word_1_204' title='bbox 541 3082 770 3167; x_wconf 75' lang='grc' dir='ltr'>κατακαυθῆναι</span> <span class='ocrx_word' id='word_1_205' title='bbox 792 3077 812 3166; x_wconf 82' lang='grc' dir='ltr'>ἢ</span> <span class='ocrx_word' id='word_1_206' title='bbox 835 3076 891 3144; x_wconf 77' lang='grc' dir='ltr'><strong>ὑπὸ</strong></span> <span class='ocrx_word' id='word_1_207' title='bbox 914 3082 1002 3151; x_wconf 87' lang='grc' dir='ltr'>κονδς</span> <span class='ocrx_word' id='word_1_208' title='bbox 1023 3083 1178 3163; x_wconf 84' lang='grc' dir='ltr'>καταβρω-</span> 
     </span>
     <span class='ocr_line' id='line_1_24' title="bbox 108 3181 1178 3271; baseline 0.002 -22"><span class='ocrx_word' id='word_1_209' title='bbox 108 3187 204 3270; x_wconf 75' lang='grc' dir='ltr'>θῆναι</span> <span class='ocrx_word' id='word_1_210' title='bbox 226 3181 284 3248; x_wconf 88' lang='grc' dir='ltr'>κτέ.</span> <span class='ocrx_word' id='word_1_211' title='bbox 318 3184 406 3250; x_wconf 91' lang='lat' dir='ltr'><strong>haud</strong></span> <span class='ocrx_word' id='word_1_212' title='bbox 429 3186 625 3252; x_wconf 88' lang='lat' dir='ltr'><strong>dissimiliter</strong></span> <span class='ocrx_word' id='word_1_213' title='bbox 648 3192 745 3271; x_wconf 89' lang='lat' dir='ltr'><strong>atque</strong></span> <span class='ocrx_word' id='word_1_214' title='bbox 771 3187 805 3251; x_wconf 93' lang='lat' dir='ltr'><strong>in</strong></span> <span class='ocrx_word' id='word_1_215' title='bbox 831 3186 1040 3271; x_wconf 89' lang='lat' dir='ltr'><strong>inscriptione</strong></span> <span class='ocrx_word' id='word_1_216' title='bbox 1062 3185 1178 3251; x_wconf 86' lang='lat' dir='ltr'><strong>Attica</strong></span> 
     </span>
     <span class='ocr_line' id='line_1_25' title="bbox 109 3289 1177 3381; baseline 0.002 -25"><span class='ocrx_word' id='word_1_217' title='bbox 109 3312 130 3356; x_wconf 88' lang='lat' dir='ltr'><strong>a</strong></span> <span class='ocrx_word' id='word_1_218' title='bbox 154 3289 402 3358; x_wconf 89' lang='lat' dir='ltr'><strong>Meisterhansio</strong></span> <span class='ocrx_word' id='word_1_219' title='bbox 427 3294 527 3359; x_wconf 85' lang='lat' dir='ltr'><strong>citata</strong></span> <span class='ocrx_word' id='word_1_220' title='bbox 549 3314 579 3378; x_wconf 94' lang='lat' dir='ltr'><strong>p.</strong></span> <span class='ocrx_word' id='word_1_221' title='bbox 603 3297 666 3359; x_wconf 74' lang='lat'><strong>182</strong></span> <span class='ocrx_word' id='word_1_222' title='bbox 690 3294 810 3381; x_wconf 79' lang='grc' dir='ltr'>σίδηρος</span> <span class='ocrx_word' id='word_1_223' title='bbox 836 3297 1097 3381; x_wconf 83' lang='grc' dir='ltr'>καταβεβρωμένος</span> <span class='ocrx_word' id='word_1_224' title='bbox 1121 3289 1177 3358; x_wconf 79' lang='grc' dir='ltr'><strong>ὑπὸ</strong></span> 
     </span>
     <span class='ocr_line' id='line_1_26' title="bbox 107 3394 655 3488; baseline 0.007 -26"><span class='ocrx_word' id='word_1_225' title='bbox 107 3406 162 3462; x_wconf 81' lang='grc' dir='ltr'><strong>τοῦ</strong></span> <span class='ocrx_word' id='word_1_226' title='bbox 184 3394 230 3462; x_wconf 80' lang='grc' dir='ltr'>’τοῦ</span> <span class='ocrx_word' id='word_1_227' title='bbox 254 3399 343 3483; x_wconf 90' lang='lat' dir='ltr'><strong>(anni</strong></span> <span class='ocrx_word' id='word_1_228' title='bbox 368 3404 431 3465; x_wconf 76' lang='lat'><strong>329</strong></span> <span class='ocrx_word' id='word_1_229' title='bbox 455 3406 530 3466; x_wconf 89' lang='lat' dir='ltr'><strong>ante</strong></span> <span class='ocrx_word' id='word_1_230' title='bbox 552 3398 655 3488; x_wconf 78' lang='lat' dir='ltr'><strong>Chr).</strong></span> 
     </span>
    </p>

    <p class='ocr_par' dir='ltr' id='par_1_6' title="bbox 106 3505 1178 4456">
     <span class='ocr_line' id='line_1_27' title="bbox 179 3505 1177 3591; baseline 0.004 -20"><span class='ocrx_word' id='word_1_231' title='bbox 179 3505 225 3571; x_wconf 92' lang='lat' dir='ltr'><strong>Ut</strong></span> <span class='ocrx_word' id='word_1_232' title='bbox 249 3505 289 3572; x_wconf 89' lang='lat' dir='ltr'><strong>de</strong></span> <span class='ocrx_word' id='word_1_233' title='bbox 312 3508 624 3574; x_wconf 87' lang='lat' dir='ltr'><strong>coniunctionum</strong></span> <span class='ocrx_word' id='word_1_234' title='bbox 640 3530 700 3574; x_wconf 92' lang='lat' dir='ltr'><strong>usu</strong></span> <span class='ocrx_word' id='word_1_235' title='bbox 715 3507 836 3591; x_wconf 88' lang='lat' dir='ltr'><strong>aliquid</strong></span> <span class='ocrx_word' id='word_1_236' title='bbox 851 3506 978 3590; x_wconf 90' lang='lat' dir='ltr'><strong>addam,</strong></span> <span class='ocrx_word' id='word_1_237' title='bbox 1002 3506 1082 3574; x_wconf 78' lang='grc' dir='ltr'>ἀλλά</span> <span class='ocrx_word' id='word_1_238' title='bbox 1102 3530 1177 3575; x_wconf 93' lang='lat' dir='ltr'><strong>con·</strong></span> 
     </span>
     <span class='ocr_line' id='line_1_28' title="bbox 107 3613 1178 3701; baseline 0.005 -24"><span class='ocrx_word' id='word_1_239' title='bbox 107 3613 232 3678; x_wconf 92' lang='lat' dir='ltr'><strong>iunctio</strong></span> <span class='ocrx_word' id='word_1_240' title='bbox 262 3635 415 3699; x_wconf 85' lang='lat' dir='ltr'><strong>persaepe</strong></span> <span class='ocrx_word' id='word_1_241' title='bbox 445 3615 562 3700; x_wconf 90' lang='lat' dir='ltr'><strong>legitur</strong></span> <span class='ocrx_word' id='word_1_242' title='bbox 589 3616 622 3680; x_wconf 93' lang='lat' dir='ltr'><strong>in</strong></span> <span class='ocrx_word' id='word_1_243' title='bbox 650 3615 849 3682; x_wconf 89' lang='lat' dir='ltr'><strong>sermonibus</strong></span> <span class='ocrx_word' id='word_1_244' title='bbox 873 3615 992 3682; x_wconf 80' lang='lat' dir='ltr'><strong>Teletis</strong></span> <span class='ocrx_word' id='word_1_245' title='bbox 1019 3620 1133 3701; x_wconf 94' lang='lat' dir='ltr'><strong>utpote</strong></span> <span class='ocrx_word' id='word_1_246' title='bbox 1158 3638 1178 3682; x_wconf 89' lang='lat' dir='ltr'><strong>a</strong></span> 
     </span>
     <span class='ocr_line' id='line_1_29' title="bbox 108 3718 1176 3806; baseline 0.002 -20"><span class='ocrx_word' id='word_1_247' title='bbox 108 3718 230 3804; x_wconf 83' lang='lat' dir='ltr'><strong>dialogi</strong></span> <span class='ocrx_word' id='word_1_248' title='bbox 256 3719 360 3787; x_wconf 84' lang='lat' dir='ltr'><strong>forma</strong></span> <span class='ocrx_word' id='word_1_249' title='bbox 386 3743 453 3788; x_wconf 93' lang='lat' dir='ltr'><strong>non</strong></span> <span class='ocrx_word' id='word_1_250' title='bbox 480 3722 602 3788; x_wconf 89' lang='lat' dir='ltr'><strong>alienis.</strong></span> <span class='ocrx_word' id='word_1_251' title='bbox 637 3727 674 3787; x_wconf 92' lang='lat' dir='ltr'><strong>ut</strong></span> <span class='ocrx_word' id='word_1_252' title='bbox 700 3724 830 3806; x_wconf 88' lang='lat' dir='ltr'><strong>potiora</strong></span> <span class='ocrx_word' id='word_1_253' title='bbox 852 3743 1099 3789; x_wconf 88' lang='lat' dir='ltr'><strong>commemorem</strong></span> <span class='ocrx_word' id='word_1_254' title='bbox 1122 3722 1176 3804; x_wconf 87' lang='lat' dir='ltr'><strong>(cf.</strong></span> 
     </span>
     <span class='ocr_line' id='line_1_30' title="bbox 107 3826 1178 3916; baseline 0.003 -22"><span class='ocrx_word' id='word_1_255' title='bbox 107 3827 176 3895; x_wconf 87' lang='lat' dir='ltr'><strong>ind</strong></span> <span class='ocrx_word' id='word_1_256' title='bbox 193 3828 288 3916; x_wconf 81' lang='lat' dir='ltr'><strong>voc),</strong></span> <span class='ocrx_word' id='word_1_257' title='bbox 308 3827 376 3893; x_wconf 80' lang='grc' dir='ltr'><strong>ἀλλ’</strong></span> <span class='ocrx_word' id='word_1_258' title='bbox 391 3826 424 3894; x_wconf 83' lang='lat' dir='ltr'><strong>ob</strong></span> <span class='ocrx_word' id='word_1_259' title='bbox 440 3830 473 3895; x_wconf 91' lang='lat' dir='ltr'><strong>in</strong></span> <span class='ocrx_word' id='word_1_260' title='bbox 487 3831 739 3914; x_wconf 87' lang='lat' dir='ltr'><strong>interrogatione</strong></span> <span class='ocrx_word' id='word_1_261' title='bbox 753 3831 841 3898; x_wconf 92' lang='lat' dir='ltr'><strong>haud</strong></span> <span class='ocrx_word' id='word_1_262' title='bbox 856 3852 929 3897; x_wconf 87' lang='lat' dir='ltr'><strong>raro</strong></span> <span class='ocrx_word' id='word_1_263' title='bbox 945 3852 1054 3896; x_wconf 82' lang='lat' dir='ltr'><strong>veram</strong></span> <span class='ocrx_word' id='word_1_264' title='bbox 1069 3831 1178 3898; x_wconf 92' lang='lat' dir='ltr'><strong>subdit</strong></span> 
     </span>
     <span class='ocr_line' id='line_1_31' title="bbox 107 3935 1177 4025; baseline 0.002 -25"><span class='ocrx_word' id='word_1_265' title='bbox 107 3935 277 4019; x_wconf 91' lang='lat' dir='ltr'><strong>scriptoris</strong></span> <span class='ocrx_word' id='word_1_266' title='bbox 300 3937 503 4019; x_wconf 89' lang='lat' dir='ltr'><strong>sententiam,</strong></span> <span class='ocrx_word' id='word_1_267' title='bbox 531 3938 618 4004; x_wconf 89' lang='lat' dir='ltr'><strong>velut</strong></span> <span class='ocrx_word' id='word_1_268' title='bbox 645 3938 678 4002; x_wconf 93' lang='lat' dir='ltr'><strong>in</strong></span> <span class='ocrx_word' id='word_1_269' title='bbox 704 3936 754 4002; x_wconf 90' lang='lat' dir='ltr'><strong>his</strong></span> <span class='ocrx_word' id='word_1_270' title='bbox 779 3941 846 4022; x_wconf 87' lang='grc' dir='ltr'><strong>ό,3</strong></span> <span class='ocrx_word' id='word_1_271' title='bbox 874 3936 894 4025; x_wconf 83' lang='grc' dir='ltr'>ἢ</span> <span class='ocrx_word' id='word_1_272' title='bbox 922 3951 1004 4024; x_wconf 75' lang='grc' dir='ltr'>πεινᾷ</span> <span class='ocrx_word' id='word_1_273' title='bbox 1031 3962 1073 4011; x_wconf 85' lang='grc' dir='ltr'><strong>τις</strong></span> <span class='ocrx_word' id='word_1_274' title='bbox 1099 3939 1177 4003; x_wconf 86' lang='grc' dir='ltr'>πλα-</span> 
     </span>
     <span class='ocr_line' id='line_1_32' title="bbox 107 4039 1176 4135; baseline 0.006 -29"><span class='ocrx_word' id='word_1_275' title='bbox 107 4050 218 4107; x_wconf 83' lang='grc' dir='ltr'>κοῦντα</span> <span class='ocrx_word' id='word_1_276' title='bbox 240 4039 260 4129; x_wconf 82' lang='grc' dir='ltr'>ἢ</span> <span class='ocrx_word' id='word_1_277' title='bbox 285 4043 354 4130; x_wconf 72' lang='grc' dir='ltr'>διψᾷ</span> <span class='ocrx_word' id='word_1_278' title='bbox 376 4045 466 4122; x_wconf 82' lang='grc' dir='ltr'>Χῖον;</span> <span class='ocrx_word' id='word_1_279' title='bbox 495 4042 563 4109; x_wconf 82' lang='grc' dir='ltr'><strong>ἀλλ’</strong></span> <span class='ocrx_word' id='word_1_280' title='bbox 591 4041 624 4109; x_wconf 80' lang='grc' dir='ltr'><strong>οὐ</strong></span> <span class='ocrx_word' id='word_1_281' title='bbox 652 4054 742 4110; x_wconf 80' lang='grc' dir='ltr'>ταῦτα</span> <span class='ocrx_word' id='word_1_282' title='bbox 765 4046 947 4135; x_wconf 77' lang='grc' dir='ltr'>διατροφὴν</span> <span class='ocrx_word' id='word_1_283' title='bbox 971 4050 1102 4134; x_wconf 69' lang='grc' dir='ltr'>ζητοῦσιν</span> <span class='ocrx_word' id='word_1_284' title='bbox 1125 4044 1176 4112; x_wconf 79' lang='grc' dir='ltr'><strong>ἄν·</strong></span> 
     </span>
     <span class='ocr_line' id='line_1_33' title="bbox 107 4150 1175 4238; baseline 0.005 -24"><span class='ocrx_word' id='word_1_285' title='bbox 107 4152 243 4233; x_wconf 62' lang='lat' dir='ltr'><strong>decursa</strong></span> <span class='ocrx_word' id='word_1_286' title='bbox 258 4150 457 4217; x_wconf 89' lang='lat' dir='ltr'><strong>similiasunt</strong></span> <span class='ocrx_word' id='word_1_287' title='bbox 475 4155 526 4236; x_wconf 88' lang='grc'><strong>17,</strong></span> <span class='ocrx_word' id='word_1_288' title='bbox 543 4155 592 4218; x_wconf 88' lang='grc'><strong>13.</strong></span> <span class='ocrx_word' id='word_1_289' title='bbox 613 4156 664 4236; x_wconf 85' lang='grc'><strong>18,</strong></span> <span class='ocrx_word' id='word_1_290' title='bbox 679 4156 730 4218; x_wconf 84' lang='lat' dir='ltr'><strong>lb.</strong></span> <span class='ocrx_word' id='word_1_291' title='bbox 751 4157 801 4236; x_wconf 89' lang='grc'><strong>19,</strong></span> <span class='ocrx_word' id='word_1_292' title='bbox 815 4157 844 4217; x_wconf 80' lang='lat'><strong>2.</strong></span> <span class='ocrx_word' id='word_1_293' title='bbox 861 4156 914 4235; x_wconf 87' lang='grc'><strong>46,</strong></span> <span class='ocrx_word' id='word_1_294' title='bbox 930 4157 980 4219; x_wconf 79' lang='grc'><strong>12.</strong></span> <span class='ocrx_word' id='word_1_295' title='bbox 998 4151 1037 4218; x_wconf 88' lang='lat' dir='ltr'><strong>cf.</strong></span> <span class='ocrx_word' id='word_1_296' title='bbox 1050 4153 1175 4238; x_wconf 88' lang='lat' dir='ltr'><strong>Krueg.</strong></span> 
     </span>
     <span class='ocr_line' id='line_1_34' title="bbox 109 4258 1176 4348; baseline 0.004 -26"><span class='ocrx_word' id='word_1_297' title='bbox 109 4261 166 4338; x_wconf 88' lang='lat'><strong>69,</strong></span> <span class='ocrx_word' id='word_1_298' title='bbox 182 4259 213 4340; x_wconf 89' lang='lat'><strong>4,</strong></span> <span class='ocrx_word' id='word_1_299' title='bbox 231 4262 262 4322; x_wconf 81' lang='lat'><strong>2.</strong></span> <span class='ocrx_word' id='word_1_300' title='bbox 295 4279 359 4324; x_wconf 93' lang='lat' dir='ltr'><strong>non</strong></span> <span class='ocrx_word' id='word_1_301' title='bbox 381 4281 554 4345; x_wconf 89' lang='lat' dir='ltr'><strong>numquam</strong></span> <span class='ocrx_word' id='word_1_302' title='bbox 578 4258 658 4324; x_wconf 80' lang='grc' dir='ltr'>ἀλλά</span> <span class='ocrx_word' id='word_1_303' title='bbox 681 4260 886 4326; x_wconf 84' lang='lat' dir='ltr'><strong>consociatur</strong></span> <span class='ocrx_word' id='word_1_304' title='bbox 902 4267 944 4348; x_wconf 75' lang='grc' dir='ltr'><strong>μή</strong></span> <span class='ocrx_word' id='word_1_305' title='bbox 967 4260 1012 4326; x_wconf 94' lang='lat' dir='ltr'><strong>illi</strong></span> <span class='ocrx_word' id='word_1_306' title='bbox 1029 4282 1092 4345; x_wconf 92' lang='lat' dir='ltr'><strong>quo</strong></span> <span class='ocrx_word' id='word_1_307' title='bbox 1108 4283 1176 4328; x_wconf 89' lang='lat' dir='ltr'><strong>rem</strong></span> 
     </span>
     <span class='ocr_line' id='line_1_35' title="bbox 106 4363 1176 4456; baseline 0.005 -29"><span class='ocrx_word' id='word_1_308' title='bbox 106 4364 222 4446; x_wconf 86' lang='lat' dir='ltr'><strong>negari</strong></span> <span class='ocrx_word' id='word_1_309' title='bbox 245 4363 310 4430; x_wconf 89' lang='lat' dir='ltr'><strong>vult</strong></span> <span class='ocrx_word' id='word_1_310' title='bbox 333 4367 471 4451; x_wconf 94' lang='lat' dir='ltr'><strong>scriptor</strong></span> <span class='ocrx_word' id='word_1_311' title='bbox 493 4367 526 4432; x_wconf 94' lang='lat' dir='ltr'><strong>in</strong></span> <span class='ocrx_word' id='word_1_312' title='bbox 548 4367 801 4450; x_wconf 84' lang='lat' dir='ltr'><strong>interrogatione</strong></span> <span class='ocrx_word' id='word_1_313' title='bbox 823 4366 903 4432; x_wconf 81' lang='grc' dir='ltr'>ἀλλὰ</span> <span class='ocrx_word' id='word_1_314' title='bbox 931 4372 972 4456; x_wconf 82' lang='grc' dir='ltr'><strong>μὴ</strong></span> <span class='ocrx_word' id='word_1_315' title='bbox 1001 4379 1056 4434; x_wconf 80' lang='grc' dir='ltr'><strong>τῶν</strong></span> <span class='ocrx_word' id='word_1_316' title='bbox 1086 4367 1176 4450; x_wconf 76' lang='grc' dir='ltr'>ἀναγ-</span> 
     </span>
    </p>
   </div>
   <div class='ocr_carea' id='block_1_5' title="bbox 0 0 1502 5086">
    <p class='ocr_par' dir='ltr' id='par_1_7' title="bbox 0 0 1502 5086">
     <span class='ocr_line' id='line_1_36' title="bbox 0 0 1502 5086; baseline 0 2"><span class='ocrx_word' id='word_1_317' title='bbox 0 0 1502 5086; x_wconf 95' lang='lat' dir='ltr'><strong> </strong></span> 
     </span>
    </p>
   </div>
  </div>
 </body>
</html>
