2996 5086
559 629 761 686 ,-9-

127 801 157 866 εἰ’
175 825 217 873 τις
300 805 347 865 τὸν
377 805 429 887 μὲν
457 797 579 884 ὕδρωπα
609 804 652 886 μὴ
682 802 842 884 asponae
870 805 922 881 29,
942 804 970 883 3,
1003 800 1041 864 cf.
1065 799 1189 883 Krueg.

128 913 182 992 46,
200 914 230 991 o,
249 912 279 973 5.

195 1016 409 1081 accusativum
430 1014 611 1080 adsciscunt
630 1014 726 1081 verba
742 1016 928 1098 composita,
948 1035 1085 1099 quorum
1104 1015 1193 1099 prior
1263 1011 1265 1014 ’

126 1143 204 1206 pars
220 1121 418 1188 substantivo
434 1122 560 1188 nomine
584 1127 633 1187 est
649 1120 850 1187 conformata
874 1120 1011 1209 (Krueg.
1028 1124 1082 1204 46,
1101 1127 1130 1202 6,
1149 1123 1191 1206 6),

128 1228 214 1298 velut
245 1229 331 1312 apud
355 1228 499 1294 Teletem
526 1233 576 1310 18,
599 1234 618 1293 9
647 1239 702 1293 τῶν
730 1230 848 1301 τοάτοος
875 1230 1114 1314 χειμοτονοάντων
1142 1229 1193 1292 καὶ

127 1338 386 1425 ψηφοφοροῦντιον.

196 1465 267 1508 cum
299 1442 481 1509 accusativo
518 1442 720 1526 coniungitur
752 1453 897 1528 κακοοχῶ
926 1444 1017 1525 26,4
1048 1452 1193 1528 κακοοχεῑ

127 1547 213 1614 αὑτὸν
236 1553 287 1613 καὶ
312 1550 446 1638 ξηραίνει.

194 1657 325 1722 verbum
348 1657 489 1741 λοιδορεῖν
511 1679 578 1722 non
600 1657 661 1720 nisi
683 1655 822 1722 medium
845 1675 944 1740 genus
966 1655 1084 1739 legitur
1104 1656 1192 1720 iunc-

127 1769 196 1829 tum
224 1764 370 1829 nimirum
399 1786 471 1830 cum
494 1764 601 1828 dativo
626 1766 736 1845 21,11
760 1763 985 1847 λοιδορουμένου
1008 1765 1083 1834 τινὀς
1105 1759 1193 1847 αὐτῷ.

128 1872 166 1938 cf.
192 1871 318 1954 Krueg.
336 1875 389 1953 46,
408 1876 436 1953 7,
455 1875 485 1936 3.

195 1978 337 2044 adferam
360 1978 412 2043 hic
435 1977 595 2061 Kruegeri
624 1977 777 2042 materiae
807 1976 1015 2059 dispositione
1039 1975 1193 2042 derelicta

129 2086 401 2151 constructionem
424 2085 583 2167 passivam
613 2104 694 2167 quae
727 2087 831 2148 exstat
856 2086 896 2146 16
903 2132 912 2165 ,
933 2085 972 2146 18
995 2081 1064 2148 ἔνιοι
1080 2087 1193 2147 ...καὶ

129 2196 165 2256 τὰ
196 2191 270 2279 ἔθνη
302 2194 480 2256 πιοτεὺονται
513 2190 649 2278 (Krueg.
672 2193 729 2272 62,
749 2194 785 2272 4,
808 2193 850 2273 2).
895 2211 955 2272 pro
987 2190 1034 2254 rei
1065 2211 1193 2256 accusa·

129 2300 194 2364 tivo
216 2299 334 2382 legitur
356 2303 504 2363 neutrum
527 2307 661 2362 τοσοῦτον
688 2300 738 2380 16,
759 2305 775 2362 7
803 2301 965 2384 χρημάτων
988 2306 1123 2362 τοσοῦτον
1146 2320 1194 2362 πι-

129 2411 307 2493 οτεοόμενος.
355 2406 490 2488 genetivi
521 2410 682 2493 χρημάτων
713 2406 857 2468 τοοοάτων
889 2403 948 2490 (sic
979 2401 1105 2468 SLMA
1136 2405 1192 2470 sed

129 2515 271 2578 succisor
295 2534 334 2579 ex
356 2522 491 2577 τοσοῦτον
514 2512 591 2578 fecit
606 2512 668 2597 L1)
694 2510 905 2595 patrocinium
928 2532 1030 2594 nuper
1052 2513 1192 2594 suscepit

127 2619 155 2683 Ι.
180 2616 296 2684 Sitzler
318 2619 339 2686 l.
364 2641 388 2686 s.
414 2640 440 2683 c.
465 2641 497 2702 p.
516 2624 590 2682 277.
637 2640 720 2703 quae
743 2619 827 2684 ratio
855 2640 919 2684 non
952 2620 1192 2685 commendatur

129 2726 272 2810 exemplo
297 2727 383 2810 quod
407 2727 567 2809 praemisi.
602 2726 662 2790 nisi
684 2727 782 2809 igitur
803 2725 901 2792 males
926 2747 997 2791 cum
1013 2725 1191 2792 Niebuhrio

129 2833 323 2918 distinguere
339 2840 415 2917 post
438 2835 590 2916 τοοοίιτων,
614 2838 779 2916 praestare
796 2832 920 2899 videtur
935 2842 1072 2898 τοσοῦτον
1087 2839 1190 2900 muta·

128 2942 215 3007 tione
237 2941 304 3006 fere
327 2941 424 3006 nulla.

195 3050 395 3115 accusativus
427 3048 562 3114 nominis
597 3048 744 3114 adieetivi
779 3048 866 3132 quod
901 3048 1091 3114 substantivi
1124 3049 1192 3113 vice

127 3155 271 3239 fungitur
303 3155 400 3222 verbo
434 3156 560 3238 passivo
593 3154 797 3242 ἀναγκάζομαι
829 3155 957 3220 additur
990 3159 1102 3238 32,19
1132 3152 1192 3218 εἶτα

128 3262 340 3344 ἀναγκάζονται
362 3264 488 3327 πολλὰ
511 3261 550 3328 ὧν
575 3260 608 3326 οὐ
631 3263 793 3347 βοιὸλονται.
833 3262 872 3330 cf.
896 3262 1021 3347 Krueg.
1044 3266 1095 3346 62,
1113 3267 1143 3345 4,
1161 3267 1191 3326 6.

194 3373 341 3456 θαομάζω
357 3370 417 3436 sibi
433 3371 571 3436 conectit
587 3371 804 3435 accusativum
820 3375 872 3452 20,
887 3375 904 3432 7
927 3373 978 3433 καὶ
993 3367 1119 3455 Κάδμον
1140 3373 1192 3455 μὲν

128 3481 175 3542 τὸν
198 3481 315 3564 κτίστην
338 3477 444 3565 Θηβῶν
467 3480 640 3564 θαυμάζεις.
686 3476 723 3544 cf.
749 3477 873 3561 Krueg.
890 3479 931 3541 47
937 3527 943 3558 ,
964 3481 1015 3560 10,
1032 3482 1062 3542 9.
1108 3498 1192 3543 com·

127 3605 307 3650 memorare
322 3583 400 3650 libet
415 3584 476 3649 hac
493 3583 570 3650 data
586 3585 755 3650 occasione
771 3588 966 3649 structuram
983 3606 1065 3667 quae
1076 3584 1193 3668 legitur

126 3713 158 3774 p.
178 3694 268 3773 31,4
290 3694 462 3777 θαομαοτὸν
492 3695 544 3776 μὲν
573 3695 639 3774 γάρ,
670 3688 812 3787 φησ1ν<ὁ
835 3689 1004 3779 Διογένης),
1034 3689 1059 3756 εἰ
1085 3691 1193 3780 Μάνης

127 3802 239 3884 μὲν...
257 3799 409 3886 δονήσεται
431 3796 490 3863 κτὲ.
536 3798 577 3864 cf.
601 3798 726 3882 Krueg.
744 3802 795 3880 66,
815 3803 844 3881 6,
862 3804 892 3862 7.

193 3904 298 3971 verbis
322 3906 407 3993 διψῆν
431 3911 463 3971 et
486 3916 583 3993 πεινῆν
608 3927 678 3970 cum
701 3906 748 3971 rei
767 3906 949 3972 accusativo
965 3905 1082 3971 iunctis
1098 3905 1191 3972 Teles

127 4012 168 4078 ab
198 4033 258 4077 usu
283 4010 469 4079 Atticorum
499 4012 690 4096 scriptorum
720 4011 814 4096 plane
842 4013 982 4078 recedit:
1012 4016 1048 4093 5,
1068 4017 1086 4076 2
1109 4024 1193 4096 πεινᾷ

127 4141 168 4191 τις
191 4120 358 4183 πλακοῦντα
381 4116 400 4205 ἢ
425 4121 495 4206 διψᾷ
517 4119 598 4184 Χῖον.
645 4119 762 4184 saeculi
792 4119 898 4201 quarti
929 4118 1192 4185 consuetudinem

128 4225 255 4292 dicendi
273 4226 412 4293 illustret
431 4248 478 4292 ex.
497 4248 545 4310 gr.
561 4226 726 4310 Xenopho
750 4247 862 4292 oecon.
889 4231 940 4311 13,
958 4231 977 4290 9
997 4236 1114 4291 πεινῶσι
1135 4229 1191 4310 γάρ
1268 4283 1273 4292 .

127 4340 177 4396 τοῦ
194 4330 311 4397 ἐπαίνοο
327 4328 384 4420 οὐχ
398 4330 483 4420 ἦττον
506 4331 578 4397 ἔνιαι
600 4344 655 4397 τῶν
679 4334 792 4421 μὺοεων
808 4331 827 4420 ἢ
845 4332 934 4397 ἄλλοι
956 4343 1012 4397 τῶν
1035 4336 1118 4398 σίτων
1141 4336 1192 4397 καὶ
