2996 5086
532 621 751 682 „55-

112 815 242 898 sophum
274 814 315 880 de
340 813 424 880 bello
448 814 521 880 Iud.
545 814 565 878 I
589 819 619 897 9,
643 818 674 896 4,
706 812 891 880 adverbium
921 815 1006 898 apud
1029 814 1176 879 Marcum

110 922 312 988 Antoninum
335 922 355 986 I
380 925 431 986 16.

174 1027 191 1092 ὁ
215 1029 299 1114 ἀβιος
324 1032 439 1111 35,16
468 1027 557 1115 (opp.
581 1026 597 1093 ὁ
625 1029 776 1114 πλοάοτος)
805 1029 1014 1095 restituerunt
1042 1027 1177 1096 Cramer

110 1141 141 1200 et
163 1136 274 1201 Halm.
308 1136 353 1201 eis
377 1157 459 1219 qnae
483 1136 629 1220 exposuit
648 1136 760 1202 Hense
783 1158 814 1218 p.
832 1135 963 1200 XXIII
985 1158 1050 1202 non
1072 1135 1177 1202 habeo

110 1243 194 1326 quod
211 1242 340 1310 addam.
364 1249 477 1309 notum
493 1248 542 1308 est
558 1248 665 1308 autern
681 1241 916 1326 Antiphontem
939 1243 1125 1326 sophistam,
1150 1244 1176 1308 si

108 1349 187 1415 fides
222 1355 271 1416 est
293 1350 557 1434 Harpocrationi'
570 1356 603 1416 et
625 1350 789 1435 Hesychio
813 1372 838 1414 s.
864 1373 911 1428 v.,
942 1349 1025 1435 ἀβιος
1060 1350 1175 1416 dixisse

108 1459 240 1523 notione
256 1457 340 1522 vocis
356 1458 505 1530 πλοάοτος.
540 1455 677 1539 Antiph.
699 1455 738 1521 fr.
758 1461 819 1523 100
836 1457 908 1525 Bl.²
931 1456 971 1522 cf.
991 1479 1073 1542 quae
1095 1457 1174 1523 dixit

109 1564 232 1630 Glcmm
256 1564 297 1629 de
318 1563 413 1649 alpha
434 1564 590 1630 intensive
614 1585 646 1647 p.
665 1567 705 1628 91
732 1585 778 1647 sq.

174 1670 329 1742 ἀδάπανος
350 1672 450 1756 (4,12
475 1669 546 1758 ὄψον
570 1669 720 1735 ἀδάπανον
742 1673 794 1734 καὶ
816 1669 991 1760 ἀτράφερον)
1007 1676 1175 1756 poetarum

108 1799 177 1845 esse
207 1776 340 1844 Schmid
369 1779 390 1843 l.
415 1800 442 1845 c.
467 1779 486 1843 I
512 1800 545 1862 p.
569 1782 632 1843 148
660 1777 796 1843 adnotat
827 1778 975 1842 nimirum
1001 1778 1175 1860 respiciens

107 1886 187 1950 Eur.
206 1883 313 1951 Orest.
333 1886 428 1952 1176.
461 1884 501 1953 cf.
518 1884 731 1968 Hegesander
754 1889 810 1950 aut
833 1883 996 1950 Charicles
1012 1883 1174 1952 Athenaei

108 1994 196 2064 VIII
218 2016 250 2078 p.
274 1997 337 2058 350
360 1993 393 2062 b.
427 1999 503 2078 post
518 1994 664 2060 Teletem
685 1994 747 2060 hoc
768 1992 926 2060 vocabulo
950 1999 1085 2059 utuntur
1100 1994 1173 2060 Plu·

107 2101 237 2167 tarchus
259 2099 323 2166 Dio
347 2098 459 2186 Chrys.

173 2205 347 2270 ἀθάπευτον
376 2209 428 2269 καὶ
458 2204 657 2270 ἀκολάκευτον
690 2208 742 2288 33,
766 2210 785 2269 8
818 2208 867 2269 est
898 2201 970 2270 ‘non
998 2203 1173 2272 blandiens’

108 2335 201 2380 sensu
224 2313 342 2396 activo,
366 2309 424 2398 οάχ
446 2309 612 2380 ὑποπίπτων
636 2309 704 2375 οὐδὲ
728 2310 878 2393 ἀγεννὶζων
902 2311 1022 2399 (3,11)
1045 2317 1082 2377 ut
1099 2311 1173 2380 Blo-

13 2495 14 2504 ,
107 2421 154 2486 nis
170 2420 275 2486 verbis
291 2424 375 2487 utar.
410 2418 612 2491 ἀκολάκευτος
634 2419 769 2484 recurrit
789 2417 875 2502 apud
899 2417 1110 2484 Themistium
1126 2441 1172 2486 or.

107 2527 144 2591 Π
169 2524 563 2609 32,4V197,8Dind.

172 2632 335 2705 ἀκάττοτος
358 2619 461 2719 (30,4
483 2629 623 2719 ὑπόδημα
647 2633 698 2695 καὶ
721 2641 804 2697 τοῦτο
828 2630 986 2697 ἀκάττοτον
1009 2630 1101 2718 ἥλους
1118 2629 1172 2698 οάκ

107 2740 188 2827 ἔχον)
207 2739 412 2823 adsumptum
429 2761 468 2805 ex
480 2759 625 2806 sermone
642 2738 762 2822 vulgari
778 2738 854 2804 alibi
869 2760 935 2805 non
950 2739 1014 2822 legi
1036 2740 1170 2808 videtur.

173 2846 452 2934 ἀυτμψίμοιρος42,
464 2850 504 2910 16
515 2866 669 2913 voxrara.
685 2844 784 2912 habet
795 2845 891 2911 etiam
900 2845 1005 2912 Marc.
1016 2844 1170 2916 Anuve.

173 2953 321 3025 ἀνάδυνος
344 2955 388 3037 (8,
407 2956 425 3016 3
450 2950 562 3025 ἐξέσται
585 2974 631 3016 σοι
654 2951 791 3038 ἀνωδάνῳ
815 2950 873 3017 ὄντι
895 2953 1000 3038 ποιεῖν)
1024 2974 1043 3018 a
1066 2955 1171 3037 poetis

108 3059 220 3145 (Soph.
238 3060 320 3126 Phil.
338 3063 421 3142 8833
445 3058 500 3124 Αἰ.
520 3063 583 3123 555
609 3065 657 3125 est
673 3079 782 3124 versus
804 3059 1033 3146 interpolatus)
1057 3059 1099 3124 ad
1121 3083 1167 3126 re-

13 3211 14 3262 ,
107 3169 262 3234 certiores
284 3167 440 3250 pervenit,
465 3165 505 3231 cf.
522 3164 652 3232 Schmid
676 3165 697 3230 l.
715 3187 742 3232 c.
759 3166 798 3231 H
819 3188 851 3250 p.
872 3170 945 3232 190.

170 3270 420 3359 &cepteppoc‘non
429 3274 583 3356 curiosus,
591 3277 754 3357 περιεργίας
762 3269 1171 3360 expers'42,15.usitatior

13 3389 14 3420 ³
107 3377 337 3448 estnotio‘non
349 3377 541 3465 exquisitus,
559 3379 598 3447 ef.
607 3379 802 3447 Posidonius
810 3379 1067 3465 AthenaeiVIp.
1080 3384 1170 3447 2745

106 3490 220 3577 ἀφελὴς
233 3491 284 3551 καὶ
299 3486 470 3572 ἀπερίεργος
485 3498 602 3574 χρῆσις.
627 3492 676 3554 est
691 3493 779 3553 certe
794 3509 856 3554 vox
871 3489 1094 3556 recentiorum.

170 3594 318 3679 άπλευρος
341 3598 395 3678 42,
409 3600 439 3678 7,
464 3594 503 3659 cf.
520 3598 573 3676 42,
589 3598 618 3658 3.
644 3597 673 3659 5.
701 3598 756 3678 103
780 3593 974 3661 Aristoteles
990 3596 1093 3660 utitur
1106 3596 1169 3662 hoc

107 3702 262 3769 vocabulo
285 3707 345 3784 ter,
369 3701 445 3767 alibi
467 3702 575 3768 nescio
600 3723 640 3767 an
664 3700 783 3767 frustra
806 3708 990 3785 quaeratur.

169 3807 320 3895 ἀπάρηνος
342 3812 395 3890 42,
413 3812 444 3872 2.
469 3811 503 3890 5;
531 3808 594 3874 hoc
616 3829 746 3892 quoque
769 3809 855 3874 inter
876 3830 993 3892 prosae
1016 3809 1168 3874 orationis

107 3916 278 3999 scriptores
311 3913 507 3981 Aristoteles
539 3915 660 3998 primus
693 3913 832 3982 adhibet.
869 3914 908 3981 cf.
933 3913 1055 3980 Athen.
1080 3914 1168 3983 XIV

106 4043 135 4105 p.
154 4027 216 4087 652
236 4043 265 4087 a.
301 4022 437 4086 recurrit
459 4023 492 4086 in
514 4021 729 4106 Theophrasti
744 4021 818 4086 hist.
839 4021 881 4105 pl.
899 4043 1004 4105 saepe.
1039 4020 1167 4087 Aristo-

13 4203 14 4212 ,
106 4128 223 4210 phanes
247 4150 329 4194 com.
346 4128 384 4192 II
407 4133 482 4193 986.
503 4132 581 4195 1011
610 4128 710 4193 Mein.
727 4127 868 4217 ἀπὺρηνοι
890 4125 964 4213 ῥόαι.

169 4235 334 4322 ἀτράχηλοι
358 4235 444 4318 quod
465 4235 583 4318 legitur
605 4237 659 4318 42,
675 4239 704 4298 2.
727 4240 745 4299 6
769 4256 904 4300 novasse
927 4234 1050 4300 videtur
1073 4234 1167 4301 Telos

106 4340 152 4407 vel
172 4342 281 4427 potius
304 4347 416 4408 auctor
439 4365 460 4407 a
483 4341 595 4408 Toleto
619 4342 806 4425 exscriptus.
