2996 5086
552 638 770 700 ..13..

126 830 327 898 referendum
354 830 412 903 <ὁ>
432 830 516 903 ἐκτὸς
539 829 679 915 ἑκατέρου
702 833 808 896 τοάτων
831 834 951 914 42,16.
992 829 1191 914 superlativis

126 939 264 1005 adicitur
286 941 454 1025 partitivus
478 944 601 1019 36,11.
627 943 728 1023 37,1.

194 1046 342 1129 Denique
366 1047 405 1112 de
429 1046 568 1112 dativo
592 1067 657 1111 non
679 1046 767 1112 nulla
789 1045 908 1111 addere
931 1045 1019 1113 libet.

194 1163 230 1240 τῇ
252 1158 354 1238 πρώτῃ
379 1151 564 1241 (00.1μέρορ)
588 1153 704 1237 legitur
727 1151 932 1242 11,13[15]‚
957 1153 1013 1218 sed
1034 1150 1063 1218 ἐν
1084 1151 1108 1236 ᾧ
1133 1152 1190 1238 (sc.

128 1261 241 1348 χρόνῳ)
264 1261 406 1325 καθείυδω
424 1265 475 1343 38,
490 1267 520 1344 7,
544 1258 573 1325 ἐν
597 1273 637 1345 τῷ
659 1270 707 1325 νῦν
730 1263 850 1347 πολέμῳ
875 1264 970 1342 36,1.
1009 1259 1048 1326 01.
1066 1259 1191 1343 Krueg.

126 1370 181 1449 48,
199 1373 235 1451 2;
256 1365 304 1433 ἵνα
327 1373 369 1456 μὴ
393 1372 429 1432 τὰ
451 1370 565 1432 παλαιά
588 1390 635 1431 σοι
656 1369 744 1449 λέγω,
767 1367 847 1431 ἀλλὰ
867 1371 903 1431 τά
918 1363 992 1432 καθ’
1007 1365 1089 1455 ἡμᾶς
1107 1371 1191 1449 16,6

127 1471 196 1537 οὐδὲ
218 1478 274 1559 γάρ
298 1472 334 1562 ἠν
357 1479 510 1561 μυριοστὸν
533 1474 607 1552 ἔτος,
632 1472 693 1538 οὐδ’
714 1473 760 1538 ἐπὶ
783 1486 838 1540 των
862 1472 1020 1559 Τρωικῶν·
1044 1471 1112 1538 οὐδὲ
1135 1478 1191 1559 γὰρ

126 1585 204 1645 κατὰ
226 1583 294 1654 τοὺς
316 1588 510 1667 προπάππους
533 1604 585 1646 σου
609 1585 662 1660 47,
678 1586 709 1650 4.

196 1688 320 1755 dativos
336 1691 391 1773 qui
406 1690 535 1775 adiungi
551 1691 655 1756 solent
670 1691 773 1756 verbis
789 1687 860 1754 εἶναι
880 1687 1022 1776 ὑπάρχειν
1042 1693 1192 1772 γίγνεσθαι

128 1795 267 1880 singulos
284 1818 470 1862 enumerare
486 1798 537 1861 vix
552 1798 635 1862 tanti
651 1802 708 1879 001,
725 1796 797 1863 vide
812 1797 877 1865 ind.
893 1817 961 1865 100.
979 1818 1192 1863 commemoro

127 1903 254 1969 brevius
278 1903 405 1969 dicendi
427 1926 527 1988 genus
550 1905 613 1970 hoc
636 1901 700 1968 obre
724 1906 814 1988 τοὺτῳ
837 1901 1192 1989 ράδιον...011τεέκείνῳ

129 2014 219 2090 10,8
243 2031 289 2094 sq.
336 2033 396 2094 pro
425 2010 485 2076 hoc
514 2011 640 2077 dicendi
668 2032 785 2095 genere
812 2015 837 2075 τί
860 2007 909 2075 οὖν
932 2033 982 2097 μοι
1004 2010 1084 2075 ἔσται
1108 2013 1192 2100 φιλο-

127 2123 287 2206 σοφησαντι
303 2123 356 2202 28,
374 2124 393 2182 6
417 2119 577 2202 prioribus
598 2119 705 2185 nescio
722 2141 763 2184 an
779 2118 930 2184 usitatior
944 2118 1041 2184 fuerit
1056 2117 1193 2185 formula

127 2228 153 2286 τί
175 2225 263 2289 πλέον
287 2222 353 2311 ἐμοί
375 2224 444 2302 ἐστι,
468 2225 508 2292 01.
533 2225 657 2310 Krueg.
678 2230 732 2308 48,
751 2230 780 2309 3,
800 2233 828 2290 7.

194 2332 270 2397 item
293 2332 389 2398 index
416 2333 645 2401 vocabulorum
675 2334 859 2400 consulatur
888 2339 1022 2418 propter
1052 2333 1192 2399 dativum

127 2460 282 2524 personae
318 2440 412 2507 solito
447 2463 535 2508 more
570 2441 673 2507 verbis
706 2444 922 2526 παρασκευάζω
956 2447 1080 2527 παρέχω
1112 2445 1192 2530 μέρω

129 2547 256 2634 δείκνυμι
278 2550 402 2613 πιστεάω
426 2546 543 2630 έγκαλω
567 2550 744 2632 horumque
768 2549 921 2615 similibus
944 2548 1140 2614 adiunctum.

194 2656 325 2721 verbum
354 2657 481 2720 κελεάειν
510 2661 703 2722 structuram
731 2656 830 2722 habet
852 2656 1009 2722 Atticam.
1034 2655 1104 2721 vide
1126 2655 1192 2720 ind.

127 2781 197 2826 voc.

195 2890 259 2935 non
282 2871 386 2935 minus
409 2876 486 2936 nota
509 2876 558 2936 est
573 2871 652 2938 haec
676 2875 838 2936 structura
860 2880 921 2942 τοῖς
935 2875 1013 2933 κατὰ
1028 2874 1193 2954 προαίρεσιν

126 2978 350 3062 περιβάλλουσιν
380 2976 600 3062 ὀργίζονται
629 2982 680 3042 καὶ
710 2980 924 3063 θυμοῦνται
953 2981 1004 3041 καὶ
1031 2974 1194 3065 ὑφορῶνται

126 3086 182 3166 43,
191 3089 222 3148 9.
245 3085 321 3150 item
334 3085 536 3169 λοιδορεῖσθαί
548 3108 599 3149 τινι
609 3085 726 3169 legitur
740 3084 902 3171 21,11(01.
915 3084 1100 3167 11110346,
1110 3089 1138 3166 7,
1151 3085 1192 3168 3).

129 3200 166 3277 τῇ
182 3194 317 3275 παροίνσγγ
334 3193 390 3276 (00.
408 3193 516 3276 διαίτρ)
533 3193 729 3277 δυσχεραίνων
746 3191 823 3256 dicit
841 3194 891 3271 30,
908 3194 958 3271 11,
984 3212 1055 3255 cum
1070 3190 1194 3274 priores

128 3298 311 3382 praeferant
324 3300 538 3365 accusativum
551 3299 688 3383 (Krueg.
702 3302 755 3382 48,
764 3304 794 3381 8,
810 3299 853 3384 1).
871 3297 928 3363 sed
940 3297 979 3363 01.
997 3297 1112 3362 Bonitz
1128 3297 1193 3365 ind.

128 3403 191 3472 Ar.
208 3426 239 3487 p.
258 3409 341 3469 210b
358 3409 410 3470 28.
450 3404 573 3472 subicio
597 3406 646 3472 his
669 3404 767 3471 verba
789 3404 961 3470 affectuum
985 3404 1125 3469 dativum
1148 3405 1194 3469 rei

129 3510 329 3577 adsumentis
345 3509 505 3597 εὐαρεστεῖν
522 3518 554 3578 01
572 3513 753 3597 δυσαρεστεῐν
770 3515 823 3594 43,
839 3515 890 3575 13.
913 3515 965 3594 28,
980 3515 1008 3592 3,
1033 3511 1194 3577 ueletiam

127 3639 286 3700 personae
310 3625 346 3684 ut
369 3616 529 3706 ἐπιχαίρειν
554 3623 654 3702 2,10.
701 3618 759 3684 sed
787 3618 901 3684 horum
927 3618 1071 3701 plurimis
1100 3618 1195 3700 expli-

129 3724 232 3790 catius
249 3724 338 3791 addit
355 3723 401 3788 έπί
416 3748 476 3802 τινι,
501 3726 545 3792 sic
568 3722 773 3811 αἰσχάνεσθαι,
796 3723 962 3810 ἄχθεσθαι,
987 3725 1194 3799 δυσκολαίνειν,

128 3833 309 3920 λυπηθῆναι,
326 3828 497 3896 ὀδυνᾶσθαι,
532 3833 602 3898 vide
618 3832 683 3897 iud.
700 3853 768 3897 100.
786 3854 810 3898 0.
828 3854 856 3896 1.
873 3829 927 3895 ἐπί.
966 3831 1063 3898 verba
1078 3830 1195 3912 ἀγαπᾶν

129 3943 163 4002 01
186 3943 311 4022 στέργειν
341 3960 404 4004 non
433 3940 582 4024 leguntur
609 3940 669 4004 nisi
698 3940 797 4004 semel
824 3959 895 4004 cum
919 3940 1101 4004 accusativo
1125 3960 1194 4022 per-

128 4065 226 4112 sonae
251 4046 423 4112 coniuncta
439 4046 492 4133 (01.
509 4046 634 4129 Krueg.
649 4049 704 4127 48,
729 4049 779 4125 15,
797 4046 830 4130 8)
848 4048 900 4126 43,
919 4051 960 4111 20
984 4042 1070 4109 αὑτὸν
1094 4043 1195 4128 ἀγαπᾷ

128 4155 180 4216 καὶ
203 4157 320 4237 στέργει.

196 4258 228 4323 in
252 4265 413 4325 structura
435 4260 524 4326 verbi
546 4263 682 4346 χρῆσθαι
705 4258 754 4323 101
777 4262 922 4345 χρᾶσθαι,
953 4262 1107 4346 μάχεσθαι
1130 4279 1194 4322 non

129 4371 179 4431 est
203 4388 450 4436 0111101011111.
497 4366 566 4432 vide
590 4366 654 4432 ind.
680 4388 750 4433 100.
