2996 5086
739 567 870 633 264
916 605 957 618 ,.

313 763 354 830 sit
382 785 440 830 nec
467 763 663 849 Euripideis,
691 763 725 827 in
754 763 841 830 avari
869 785 941 828 oum
969 763 1108 828 Tantalo
1139 763 1382 845 comparatione

311 895 344 956 p.
372 875 425 954 25,
451 875 469 936 5
501 891 570 956 sqq.
596 891 661 936 non
692 870 790 937 modo
823 871 961 936 Homeri
993 891 1101 936 versus
1135 870 1280 936 adfertur
1312 871 1383 942 τσδς

313 974 452 1065 δ’ἄνερος
474 975 613 1064 ῥίπτασκε
636 981 702 1042 πστί
724 982 813 1066 νέφεα
836 982 969 1043 σκιόεντα
993 978 1049 1042 sed
1078 999 1153 1043 mox
1181 978 1228 1042 ita
1250 983 1383 1044 tenetur

313 1090 349 1150 ut
372 1083 513 1170 ῥίπτασκε
536 1085 667 1151 verbum
690 1086 807 1170 inipso
823 1083 993 1152 verborum
1017 1091 1172 1151 contextu
1187 1107 1208 1170 a
1223 1085 1383 1168 scriptore

312 1193 447 1258 iteretur
470 1189 562 1265 οὕτως
590 1190 670 1258 ἐνίων
698 1190 718 1280 ἡ
746 1191 937 1278 ἀνελευθερία
964 1194 1015 1255 καί
1044 1193 1230 1256 δυσελπιστία
1258 1195 1382 1256 καὶτὸν

313 1297 387 1365 οἶνον
418 1303 469 1364 καί
499 1303 546 1365 τὸν
576 1308 652 1365 σῖτον
682 1302 733 1364 καί
765 1304 816 1388 τὴν
849 1297 966 1384 ὀπώραν
996 1297 1200 1384 ῥίπτασκεν,
1232 1297 1267 1363 cb
1299 1303 1383 1363 ποτὶ

312 1411 421 1496 νέφεα
444 1404 513 1471 ἀλλ’
535 1407 555 1469 ἃ
579 1411 630 1494 μὲν
652 1404 694 1479 είς
717 1411 769 1494 τὴν
793 1405 902 1492 ἀγορὰν
925 1407 945 1469 ἃ
969 1407 1001 1470 δὲ
1017 1405 1058 1479 είς
1081 1410 1113 1471 τὸ
1136 1408 1297 1494 καπηλεῖον
1320 1404 1382 1471 κτὲ.

313 1515 408 1581 simili
430 1516 555 1581 ratione
578 1537 611 1599 p.
633 1518 688 1599 41,
711 1520 729 1580 3
754 1536 847 1580 versu
862 1514 1039 1598 Euripideo
1063 1526 1156 1603 τραφῇ
1181 1516 1213 1579 δέ
1236 1538 1279 1580 τοι
1305 1516 1383 1578 πσλ-

312 1623 372 1688 λῶν
395 1620 519 1686 ἐδεστῶν
542 1625 683 1709 μηχανὰς
705 1623 872 1709 opesopes
887 1621 1015 1705 prolato
1031 1622 1078 1687 sic
1092 1622 1242 1704 procedit
1258 1623 1379 1687 oratio:

312 1733 364 1794 καί
386 1726 420 1794 σίν
443 1735 530 1817 μόνον
554 1727 689 1806 ἐδεστῶν,
714 1727 868 1815 ἀλλὰκαὶ
891 1726 1060 1816 ὀσφραντῶν
1083 1732 1134 1793 καί
1157 1727 1318 1805 ἀκοσστῶν,
1344 1734 1383 1793 ut

313 1837 409 1902 etiam
439 1837 501 1902 hoc
530 1836 604 1904 loco
635 1837 738 1902 forma
768 1835 893 1901 dicendi
924 1857 988 1919 qna
1016 1841 1115 1921 poeta
1142 1858 1218 1902 usus
1249 1841 1317 1902 erat
1347 1841 1383 1900 et

312 1943 540 2010 vocabulorum
570 1943 783 2009 conformatio
812 1947 938 2008 servata
966 1943 1018 2009 sit.
1058 1942 1115 2008 sed
1143 1943 1222 2008 haec
1252 1942 1384 2028 quidem

305 2050 477 2134 hactenus.

379 2157 495 2223 Restat
518 2161 554 2221 ut
578 2155 698 2239 aliquid
721 2155 861 2221 addatur
885 2157 924 2222 de
948 2156 1022 2222 stilo
1043 2156 1165 2222 Teletis
1189 2162 1221 2222 et
1244 2155 1284 2221 de
1308 2177 1382 2221 ora-

313 2265 401 2330 tione
424 2265 538 2330 horum
561 2284 744 2330 sermonum
766 2264 930 2346 peculiari.
964 2263 1105 2347 acquod
1122 2264 1217 2329 modo
1236 2265 1281 2329 eis
1298 2285 1383 2347 quae

314 2371 353 2437 de
378 2373 471 2455 copia
493 2371 663 2437 verborum
687 2370 922 2437 observavimus
945 2371 1142 2437 intellectum
1166 2377 1214 2436 est
1230 2371 1309 2436 varii
1330 2393 1383 2436 eo-

312 2479 390 2544 loris
422 2500 491 2545 esse
521 2501 603 2563 quae
634 2479 823 2561 conscripsit
854 2478 948 2543 Telos
980 2483 1012 2544 et
1041 2476 1262 2561 multiformia,
1295 2478 1384 2543 idem

314 2585 397 2651 valet
421 2585 460 2650 de
484 2586 631 2651 universa
654 2587 810 2652 oratione.
845 2607 904 2651 nec
927 2584 1095 2650 mirabitur
1117 2586 1178 2650 hoc
1201 2585 1255 2668 qui
1273 2585 1384 2649 memi-

313 2693 398 2758 nerit
420 2713 486 2758 non
508 2692 615 2776 unius,
644 2692 701 2758 sed
729 2692 940 2776 complurium
968 2693 1160 2776 scriptorum
1186 2691 1321 2774 vestigia
1348 2693 1384 2756 in

312 2799 362 2864 bis
378 2800 615 2866 commentariis
632 2799 838 2883 deprehendi,
861 2799 946 2865 velut
963 2799 1119 2882 Platonis
1136 2798 1384 2882 Xenophontis,

314 2903 483 2990 Stilponis,
507 2904 664 2988 Cratetis,
689 2905 811 2989 Bionis,
836 2907 896 2973 etsi
919 2905 1056 2972 Bionem
1079 2906 1182 2971 solum
1206 2911 1238 2969 et
1262 2902 1383 2988 Stilpo-

312 3034 385 3078 nem
401 3013 495 3079 Teles
519 3013 633 3096 adierit
656 3014 735 3096 ipse.
764 3012 900 3097 denique
923 3033 988 3078 non
1012 3013 1098 3079 omni
1112 3013 1290 3077 mutatione
1307 3010 1381 3076 abs-

312 3121 408 3186 tinuit
436 3121 637 3204 epitomator.
666 3120 791 3187 accedit
822 3142 896 3187 vero
925 3121 1013 3205 quod
1039 3121 1202 3204 perspexit
1222 3119 1383 3185 Wilamo-

312 3228 382 3294 witz
409 3227 522 3293 horum
546 3249 728 3293 sermonum
750 3249 857 3294 veram
884 3233 1031 3293 naturam
1061 3233 1094 3294 et
1117 3227 1384 3310 compositionem

312 3335 453 3420 intellegi
482 3336 533 3400 vix
561 3357 656 3418 posse
687 3337 748 3401 nisi
780 3335 874 3400 simul
903 3335 1107 3419 intellegatur
1137 3335 1291 3418 originem
1323 3356 1383 3400 eos

313 3443 485 3525 sumpsisse
513 3448 545 3508 et
573 3443 665 3526 quasi
692 3441 849 3509 conflatos
881 3463 949 3508 esse
979 3464 1018 3509 ex
1046 3443 1175 3525 dialogo
1204 3447 1236 3507 et
1263 3462 1382 3524 genere

314 3548 576 3617 demonstrativo.
601 3549 689 3635 quod
713 3556 749 3615 ut
772 3551 954 3615 accuratius
976 3550 1126 3633 persequi
1148 3549 1298 3614 hocloco
1314 3570 1382 3613 non

313 3677 418 3721 meum
442 3657 535 3735 duco,
559 3657 607 3723 ita
627 3678 693 3722 non
716 3679 799 3741 nego
821 3658 929 3742 magni
951 3657 1103 3722 momenti
1127 3677 1195 3723 esse
1211 3655 1252 3720 ad
1268 3654 1383 3721 Bionis

313 3762 496 3848 Teletisque
510 3763 719 3830 diatribarum
730 3764 870 3830 indolem
885 3764 1149 3848 pernoscendam.
1171 3763 1271 3829 habes
1282 3763 1384 3846 igitur

312 3869 473 3936 bominem
496 3892 568 3936 cum
596 3870 673 3937 ficto
700 3872 896 3954 adversario,
925 3870 1014 3936 cuius
1038 3891 1146 3937 mores
1168 3870 1218 3936 vel
1239 3890 1386 3952 persona

312 3998 377 4042 non
404 3982 553 4044 accurate
582 3976 806 4044 describantur
829 3999 888 4044 nec
914 3978 1012 4044 verba
1038 3977 1105 4045 fere
1133 3978 1386 4060 interponantur

312 4085 373 4150 nisi
395 4085 543 4169 paucula,
566 4085 763 4152 familiariter
787 4085 1031 4170 colloquentem,
1059 4089 1097 4149 ut
1124 4091 1233 4149 tamen
1261 4083 1386 4168 dialogi

314 4191 448 4258 subinde
478 4192 595 4258 oblitus
620 4214 688 4257 rem
712 4194 751 4259 de
775 4214 839 4278 qua
861 4193 967 4276 agitur
991 4193 1086 4257 ctiam
1109 4192 1229 4257 fusiore
1253 4193 1383 4274 exposi-

312 4299 398 4364 tione
412 4298 556 4382 explicet.
573 4300 767 4383 incomptior
778 4300 875 4384 igitur
885 4299 1073 4382 plerumque
1085 4298 1187 4364 oratio
1200 4303 1232 4363 et
1245 4298 1383 4381 simplex
