2996 5086
750 585 972 648 ..fip-

326 778 438 863 sippea
468 801 500 862 p.
526 783 589 844 716
614 784 646 845 et
678 784 741 844 718
766 778 870 845 annal.
894 779 1046 863 philolog.
1070 777 1284 863 supplementi
1306 777 1417 847 XIV·

326 908 355 952 a.
375 890 483 970 1885),
507 886 688 972 Polybium,
710 886 932 968 Plutarchum,
956 887 1153 970 Epictetum.

394 991 600 1068 ἐξαποστέλλω
632 995 736 1082 (16,7
767 991 814 1059 ἐπὶ
843 996 950 1060 στόλοι)
981 995 1155 1082 τηλικοῦτοι)
1185 991 1397 1081 ἐξαπεστάλη).

326 1100 481 1187 Polybius
505 1101 648 1185 inprimis
671 1101 804 1178 adhibet
831 1102 894 1168 hoc
916 1101 1062 1184 verbum,
1091 1101 1180 1185 quod
1205 1099 1280 1166 libri
1307 1100 1399 1165 tertii

326 1208 459 1291 triginta
485 1207 552 1274 fere
579 1208 659 1275 locis
688 1208 820 1292 legitur,
851 1207 890 1275 cf.
913 1207 1003 1275 Stich
1030 1208 1051 1273 1.
1073 1229 1100 1274 c.
1122 1231 1153 1293 p.
1179 1211 1241 1272 148
1264 1207 1337 1273 adn.
1362 1210 1397 1289 13

327 1320 404 1398 post
425 1315 510 1380 bunc
533 1314 632 1384 Diod.
650 1313 724 1397 Sic,
743 1315 831 1381 Plut.
844 1317 878 1401 ¹).

393 1422 654 1508 προσεξαιροίνμαιι
671 1425 725 1506 46,
740 1429 759 1486 6
775 1426 826 1488 καί
841 1424 910 1496 τοὺς
924 1421 1035 1494 ἄλλους
1056 1423 1114 1507 (sc.
1131 1419 1267 1507 ὀδόντας)
1288 1443 1400 1506 προσε-

327 1529 474 1602 ίελὲσθαι.
513 1528 652 1594 medium
687 1550 785 1612 genus
816 1529 903 1613 quod
931 1534 981 1595 cst
1006 1550 1174 1613 perrarum
1203 1528 1301 1595 babet
1327 1527 1399 1592 He-

327 1636 463 1702 rodotus
487 1634 543 1702 sed
566 1635 692 1702 diversa
713 1636 847 1702 notione
870 1636 925 1700 HI
951 1639 1025 1704 150.

395 1743 503 1809 notius
527 1747 576 1808 est
598 1746 794 1807 συνεκπίπτειν
816 1746 929 1827 47,17
954 1748 1068 1826 utpote
1092 1742 1265 1808 aPlctone
1289 1742 1340 1807 vel
1355 1741 1400 1807 ab

327 1848 507 1916 Aristotele
531 1870 597 1915 non
621 1849 768 1916 alienum.

394 1962 431 2022 ut
460 1956 599 2023 breviter
629 1956 898 2040 comprehendam
926 1977 1008 2040 quae
1039 1955 1079 2020 de
1110 1956 1204 2039 copia
1226 1953 1401 2020 verborum

327 2063 360 2130 in
384 2062 603 2146 superioribus
629 2063 760 2147 prolato
786 2069 875 2144 sunt,
902 2063 990 2129 haud
1015 2083 1122 2146 pauca
1148 2063 1180 2126 in
1204 2061 1325 2127 Teletis
1350 2082 1401 2126 re-

328 2169 433 2253 liquiis
457 2175 585 2236 exstant
608 2169 766 2236 vocabula
781 2191 918 2253 quorum
935 2169 1081 2253 exempla
1096 2168 1182 2252 apud
1198 2169 1278 2234 alios
1297 2167 1400 2250 scrip-

329 2281 417 2343 tores
441 2277 570 2343 omnino
593 2298 660 2344 non
682 2278 885 2361 reperiuntur
908 2277 995 2342 velut
1018 2274 1201 2352 ἀσπανιστία,
1225 2273 1401 2351 ἀκοίττοτος,

328 2382 515 2471 ἀτράχηλος,
539 2385 758 2468 δεοτερολόγος,
782 2385 985 2468 πρωτολόγος,
1014 2381 1165 2466 ἀγεννίζω,
1192 2386 1403 2470 παρασεραγί-

328 2494 425 2577 (opat,
440 2494 661 2575 προσεκκόπτω,
677 2494 956 2580 προσκαταφθείρω,
972 2496 1028 2556 aut
1045 2490 1248 2574 reperiuntur
1262 2510 1401 2572 perraro

329 2597 415 2663 uelut
442 2598 581 2685 λαχάνια.
620 2598 721 2664 multo
748 2599 850 2664 maior
877 2598 987 2664 classis
1015 2618 1126 2664 eorum
1154 2602 1218 2680 cst,
1247 2617 1329 2680 quac
1358 2595 1402 2661 ab

329 2702 518 2770 Atticorum
544 2705 686 2772 melioris
713 2705 829 2772 aetatis
858 2705 1049 2789 scriptorum
1078 2726 1139 2770 usu
1161 2703 1317 2769 recedunt
1339 2725 1402 2768 nec

330 2817 516 2894 comparent
544 2812 603 2877 nisi
629 2813 662 2878 in
690 2812 901 2895 scriptoribus
928 2811 998 2878 aevi
1024 2811 1224 2895 posterioris.
1261 2811 1325 2875 huc
1357 2811 1402 2874 vi-

330 2917 447 2984 dentur
473 2917 643 2985 referenda
669 2917 852 3004 ἀβάσκανος,
882 2916 1114 3005 ἀμεμψίμοιρος,
1138 2916 1277 3005 delapsi),
1301 2914 1403 3004 ἀκλή-

330 3048 422 3113 ρημα,
443 3022 657 3103 αὐτοδιακονία,
678 3024 824 3115 ἀφόρτιος,
846 3026 1041 3102 δυσελπιστία,
1059 3026 1228 3111 διιστροπία,
1244 3021 1402 3099 ἐκπαθῶς,

330 3129 461 3220 ἐπαίτης,
473 3129 611 3210 εἰιλίιτως,
622 3130 851 3219 εὖσχολιίιτερος,
862 3129 1027 3218 ἱκανοῦμαι,
1039 3133 1275 3218 κακοδαιμονεῖν,
1286 3151 1404 3194 κακου-

330 3249 388 3326 χῶ,
407 3241 636 3317 κατακολουθῶ,
657 3236 854 3324 ὀρθοπραγία,
875 3250 1028 3324 caponum,
1043 3236 1152 3326 ὁιίδης,
1173 3237 1311 3304 fortasse
1326 3238 1402 3305 elie.

332 3346 445 3429 siquis
462 3352 569 3412 autem
587 3345 838 3413 consideraverit
854 3350 1008 3432 quantam
1025 3347 1306 3412 commutationem
1326 3344 1402 3410 sub-

331 3454 404 3520 ierit
420 3473 524 3519 sermo
538 3451 684 3519 Graecus
697 3452 887 3519 Aristotelis
903 3453 1104 3538 potissimum
1120 3473 1219 3536 opera
1234 3460 1267 3518 et
1282 3451 1402 3534 studio,

331 3580 398 3626 non
413 3560 580 3626 mirabitur
595 3562 681 3644 quod
700 3561 787 3626 haud
808 3560 940 3645 exiguus
959 3567 1009 3626 est
1024 3561 1111 3644 apud
1126 3560 1273 3627 Teletem
1288 3581 1403 3626 carum

332 3688 447 3734 ‚vocum
469 3688 620 3733 numerus
643 3689 726 3752 quae
749 3673 824 3734 oute
841 3666 1028 3751 Stagiritam
1050 3668 1171 3734 frustra
1191 3672 1401 3751 quaeruntur.

332 3773 1401 3857 notumcstautemetiamTheophrastiauditoremluisseBionem.

333 3881 427 3946 huius
449 3881 537 3947 modi
552 3881 708 3948 vocabula
730 3903 804 3947 cum
826 3903 884 3948 suo
909 3904 1037 3966 quoque
1059 3882 1133 3947 loco
1157 3902 1255 3964 supro
1274 3881 1404 3964 signare

334 3986 524 4069 studuerim,
555 3988 617 4054 hoc
646 3990 718 4055 loco
749 3996 898 4073 repetere
926 3988 1130 4072 supersedeo.
1166 4009 1225 4053 nce
1256 4007 1332 4053 vero
1365 4010 1405 4054 ea

330 4116 399 4161 -non
421 4095 585 4162 afferenda
607 4102 682 4162 sunt
704 4117 786 4180 quae
810 4097 870 4162 etsi
892 4118 913 4163 a
934 4096 1078 4180 priorum
1101 4101 1283 4180 temporum
1303 4095 1404 4178 scrip-

409 4237 430 4304 ¹)
449 4238 576 4308 Epistula
594 4238 718 4308 Philippi
737 4239 811 4309 apud
829 4238 972 4294 Demosth.
991 4238 1026 4292 de
1046 4256 1148 4293 corona
1161 4239 1204 4305 77,
1223 4237 1252 4291 in
1272 4255 1327 4307 qua
1346 4237 1405 4299 ἐξοι-

334 4324 469 4396 equata„
488 4327 597 4398 legitur,
616 4328 735 4399 genuina
753 4346 809 4394 non
828 4331 878 4383 est.
