2996 5086
537 636 753 696 ..39-

105 825 227 908 legitur
249 825 348 891 etiam
364 826 453 890 διὰτί
476 825 616 912 (saepius
641 826 744 892 solum
766 825 805 913 τί)
831 829 860 909 2,
881 830 898 889 7
921 825 976 891 nbi
991 826 1064 891 talis
1081 847 1178 892 eausa

105 933 139 996 in
162 937 318 1016 promptu
340 952 405 998 non
429 939 488 998 est.
522 932 661 999 formula
682 944 745 1005 πῶς
767 936 818 996 ιιαί
841 933 890 996 διὰ
912 936 938 996 τί
960 933 1063 998 utitur
1081 933 1176 1019 Poly·

105 1038 189 1122 bins,
215 1038 257 1105 cf.
277 1039 388 1106 Krebs
410 1039 431 1104 l.
453 1060 480 1104 ο.
500 1063 531 1125 p.
550 1045 602 1106 69.
638 1045 780 1106 ceterum
804 1040 900 1105 etiam
923 1039 1016 1105 huius
1039 1061 1175 1124 praepo·

104 1145 234 1212 sitionis
257 1166 317 1211 usu
340 1145 478 1212 alienum
505 1167 539 1213 se
567 1169 636 1214 esse
662 1147 772 1231 prodit
795 1145 890 1212 'Peles
913 1146 954 1213 ab
976 1148 1087 1231 ignoto
1112 1148 1174 1214 isto

104 1256 287 1339 συγκρίσεως
301 1253 434 1319 auctore
456 1254 510 1338 qui
526 1255 644 1338 septies
660 1275 732 1320 cum
747 1253 945 1337 pronominis
962 1255 1108 1337 genetivo
1125 1256 1176 1321 vel

104 1358 300 1425 substantivi
322 1361 485 1426 coniunxit
505 1362 554 1424 διά
576 1360 597 1426 l.
614 1382 642 1426 c.
666 1383 698 1444 p.
723 1365 795 1442 177,
818 1363 870 1425 24.
896 1364 1042 1445 27178,
1067 1367 1096 1430 6.
1124 1365 1174 1426 14.

108 1470 184 1550 res,
203 1471 234 1531 a.
263 1471 312 1531 rc.
337 1472 378 1532 ao
401 1466 503 1534 Mein.

173 1577 254 1637 κατά
268 1575 515 1658 praepositionis
538 1595 611 1639 cum
633 1575 779 1659 genetivo
795 1575 923 1641 iunctae
940 1575 1083 1660 exempla
1098 1579 1176 1640 κατὰ

103 1682 220 1764 κρατὸς
242 1679 275 1743 δὲ
296 1685 405 1765 καρποί
428 1685 480 1763 25,
498 1685 517 1744 6
543 1686 575 1746 et
599 1687 714 1769 οτήοεις
729 1686 866 1767 τρόπαιον
882 1685 959 1746 κατὰ
974 1685 1073 1753 πενίας
1090 1685 1141 1765 10,
1156 1687 1174 1746 3

104 1787 149 1852 ab
170 1786 361 1853 Atticorum
391 1788 620 1854 consuetudine
647 1788 724 1853 nihil
750 1787 914 1854 recedunt.
942 1787 1044 1872 magis
1067 1793 1175 1854 autem

104 1899 158 1960 est
186 1894 390 1978 perspicuum
419 1893 498 1960 illud
527 1897 605 1959 κατὰ
634 1899 733 1966 πενίας
762 1916 858 1979 quam
890 1895 977 1960 solus
1009 1895 1174 1977 genetivus

103 2001 163 2086 (cf.
179 1999 306 2084 Krueg.
322 2003 376 2084 47,
395 2006 423 2083 7,
442 2001 476 2086 3)
499 2007 536 2066 ut
557 2001 591 2066 in
606 2001 746 2085 Lycurgi
769 2002 908 2068 oratoris
931 2001 1112 2084 fragmento
1131 2005 1171 2065 75

102 2111 247 2191 τροπαίου
270 2111 347 2172 κατὰ
370 2118 423 2195 τῆς
445 2109 560 2180 πόλεως
583 2104 749 2195 ἑστηκότος.
773 2107 813 2173 of.
838 2128 936 2192 supra
962 2129 993 2191 p.
1013 2107 1174 2173 266110

104 2214 292 2281 accusativo
315 2235 379 2280 non
394 2214 472 2279 nihil
495 2214 623 2298 addam,
646 2215 794 2280 notiones
819 2235 901 2298 quae
916 2235 975 2297 per
989 2219 1067 2278 ιιατά
1081 2235 1173 2298 prae·

106 2324 301 2408 positionem
333 2321 414 2388 fiunt
445 2323 639 2406 temporales
670 2323 734 2388 iam
768 2342 866 2406 supra
895 2322 1055 2388 indicatae
1088 2327 1172 2387 sunt.

107 2430 148 2499 cf.
171 2431 267 2496 etiam
293 2430 604 2498 1οι1.νοο.ο.ιιατοί.
639 2429 860 2495 adverbiorum
888 2429 991 2494 instar
1012 2435 1174 2513 ponuntur

105 2541 186 2602 κατὰ
209 2542 314 2623 τρόπον
340 2540 446 2621 10,11
470 2539 549 2601 κατὰ
570 2540 736 2622 προαίρεσιν
760 2539 814 2620 43,
831 2540 861 2600 8.
890 2535 978 2619 quod
1000 2535 1116 2620 legitur
1138 2540 1173 2600 τὰ

105 2642 183 2710 καθ’
197 2641 319 2716 ἑαοτοίις
343 2647 466 2727 32,18,
489 2643 523 2709 id
545 2664 610 2709 non
633 2644 768 2708 multum
791 2641 897 2708 differt
925 2664 945 2708 a
968 2644 1115 2726 genetivo
1138 2647 1175 2708 τὰ

105 2751 229 2830 ἑαυτῶν,
253 2751 293 2818 cf.
308 2751 419 2818 Krebs
442 2752 463 2816 l.
481 2773 508 2820 c.
524 2773 557 2834 p.
577 2755 649 2816 145.

176 2861 217 2926 de
247 2864 321 2946 part
349 2859 589 2944 praepositione
620 2856 692 2924 vide
721 2878 820 2941 supra
849 2879 881 2940 p.
909 2860 961 2921 37.
1003 2856 1176 2923 accusativi

104 2967 289 3051 exemplum
311 2964 373 3032 εἶτα
400 2964 461 3053 μετ’
488 2963 590 3047 ὀλίγας
617 2963 733 3053 ἡμέρας
759 2968 809 3045 13,
832 2969 851 3028 6
879 2985 940 3030 usu
963 2964 1172 3030 tritissimum.

175 3073 246 3160 ὑπὲρ
269 3095 335 3140 non
356 3074 474 3158 legitur
496 3073 557 3138 nisi
579 3073 712 3138 notione
734 3068 823 3156 ‘pro’.
859 3070 929 3137 vide
951 3069 1017 3136 ind.
1033 3093 1103 3137 voc.

175 3181 252 3271 ἀμφί
273 3180 521 3265 praepositionis
544 3179 723 3263 exemplum
745 3199 809 3244 non
833 3183 903 3243 exst
925 3184 949 3243 t.

176 3293 356 3355 structurae
379 3309 438 3371 per
459 3291 525 3371 περί
547 3287 815 3371 praepositionem
841 3284 997 3351 formatae
1027 3288 1094 3368 6,5
1124 3281 1174 3351 ἐὰν

104 3403 160 3485 μὲν
184 3393 278 3469 οὕτως
300 3392 454 3480 ὑπολάβῃς
476 3397 541 3480 περί
563 3390 657 3458 αὐτῶν
680 3393 729 3458 vel
745 3397 900 3482 φροντίζειν
914 3396 980 3476 περί
994 3414 1071 3465 τινος
1088 3396 1174 3475 36,2

104 3503 226 3571 nemini
251 3503 384 3586 ignotae
412 3506 501 3585 sunt,
525 3500 565 3568 of.
589 3499 713 3584 Krueg.
735 3505 787 3582 68,
811 3503 863 3581 31,
881 3505 911 3564 2.
948 3497 1087 3564 dativum
1109 3520 1174 3564 non

103 3612 192 3695 regit
218 3614 283 3695 περί
308 3610 342 3675 in
369 3608 520 3675 Teleteis.
555 3608 727 3674 accusativi
755 3606 900 3690 exempla
923 3611 1078 3690 congesta
1100 3612 1175 3672 sunt

103 3721 139 3785 in
162 3718 267 3784 indice
289 3737 359 3782 voc.

174 3829 257 3909 παρά
285 3845 357 3890 cum
379 3823 481 3889 tribus
505 3823 631 3889 casibus
654 3822 796 3906 iungitur
819 3820 906 3904 apud
929 3820 1088 3902 (feletem,
1117 3820 1174 3886 sed

105 3953 191 4018 quae
215 3931 371 3998 excedant
394 3929 655 3997 consuetudinem
669 3928 857 3995 Atticorum
872 3929 924 3992 vix
942 3928 1078 4011 repperi,
1103 3927 1174 3994 vide

104 4040 173 4106 ind.
189 4060 258 4105 voc.
276 4060 489 4106 commemoro
512 4037 574 4102 vim
598 4036 804 4119 causalem6,
825 4039 839 4099 1
864 4038 947 4119 παρὰ
969 4038 1021 4122 τὴν
1043 4034 1130 4121 λῆψιν
1153 4031 1173 4121 ἡ

105 4147 192 4235 δῆξις
213 4150 326 4237 γίνεται.
348 4145 390 4210 ib.
413 4148 478 4229 6,4
500 4148 581 4230 παρὰ
603 4141 654 4232 τὴν
677 4140 856 4230 ὑπόληψινὴ
881 4139 971 4228 ὀδίινη
994 4145 1100 4222 γίνεται
1116 4140 1172 4227 (of.

103 4255 233 4336 Krueg.
246 4258 298 4336 68,
310 4258 363 4335 36,
374 4258 393 4317 6
404 4251 534 4318 Kuehn.
546 4252 585 4316 H
600 4256 615 4315 1
631 4273 661 4336 p.
674 4254 740 4316 444
750 4252 843 4335 sqq.),
858 4248 1107 4333 comparativam
1121 4251 1173 4332 14,

105 4367 125 4426 6
143 4365 187 4450 μὴ
204 4357 287 4424 οὐδὲν
303 4362 424 4451 λέγηται
439 4364 521 4447 παρὰ
537 4363 569 4424 τὸ
585 4368 635 4424 τοῦ
651 4356 818 4431 Στίλπωνος
834 4356 971 4445 (Krueg.
984 4361 1037 4439 68,
1055 4360 1108 4439 36,
1125 4355 1172 4443 4),
