<?xml version="1.0" encoding="UTF-8"?>
<!DOCTYPE html PUBLIC "-//W3C//DTD XHTML 1.0 Transitional//EN"
    "http://www.w3.org/TR/xhtml1/DTD/xhtml1-transitional.dtd">
<html xmlns="http://www.w3.org/1999/xhtml" xml:lang="en" lang="en">
 <head>
  <title>
</title>
<meta http-equiv="Content-Type" content="text/html;charset=utf-8" />
  <meta name='ocr-system' content='tesseract 3.04.00' />
  <meta name='ocr-capabilities' content='ocr_page ocr_carea ocr_par ocr_line ocrx_word'/>
</head>
<body>
  <div class='ocr_page' id='page_1' title='image "./deteletiselocut01mlgoog_0078.png"; bbox 0 0 2996 5086; ppageno 0'>
   <div class='ocr_carea' id='block_1_1' title="bbox 521 676 739 736">
    <p class='ocr_par' dir='ltr' id='par_1_1' title="bbox 521 676 739 736">
     <span class='ocr_line' id='line_1_1' title="bbox 521 676 739 736; baseline 0 -17"><span class='ocrx_word' id='word_1_1' title='bbox 521 676 739 736; x_wconf 70' lang='lat'><strong>„73-</strong></span> 
     </span>
    </p>
   </div>
   <div class='ocr_carea' id='block_1_2' title="bbox 12 862 1170 3919">
    <p class='ocr_par' dir='ltr' id='par_1_2' title="bbox 12 862 1170 3919">
     <span class='ocr_line' id='line_1_2' title="bbox 91 862 1163 955; baseline -0.004 -22"><span class='ocrx_word' id='word_1_2' title='bbox 91 868 287 935; x_wconf 88' lang='lat' dir='ltr'>desinentia.</span> <span class='ocrx_word' id='word_1_3' title='bbox 322 867 408 932; x_wconf 89' lang='lat' dir='ltr'>velut</span> <span class='ocrx_word' id='word_1_4' title='bbox 439 873 574 932; x_wconf 87' lang='lat' dir='ltr'>auctore</span> <span class='ocrx_word' id='word_1_5' title='bbox 604 865 709 932; x_wconf 90' lang='lat' dir='ltr'>Bione</span> <span class='ocrx_word' id='word_1_6' title='bbox 739 866 868 949; x_wconf 82' lang='lat' dir='ltr'><strong>scripsit</strong></span> <span class='ocrx_word' id='word_1_7' title='bbox 893 868 948 948; x_wconf 86' lang='lat'>40,</span> <span class='ocrx_word' id='word_1_8' title='bbox 972 869 990 929; x_wconf 81' lang='lat'><em>2</em></span> <span class='ocrx_word' id='word_1_9' title='bbox 1021 862 1064 930; x_wconf 89' lang='grc' dir='ltr'>Ἥ</span> <span class='ocrx_word' id='word_1_10' title='bbox 1086 867 1163 955; x_wconf 86' lang='grc' dir='ltr'>τίχη</span> 
     </span>
     <span class='ocr_line' id='line_1_3' title="bbox 91 971 1162 1060; baseline 0 -22"><span class='ocrx_word' id='word_1_11' title='bbox 91 973 196 1058; x_wconf 77' lang='grc' dir='ltr'>ὥσπερ</span> <span class='ocrx_word' id='word_1_12' title='bbox 211 978 347 1060; x_wconf 77' lang='grc' dir='ltr'>ποιήτρια</span> <span class='ocrx_word' id='word_1_13' title='bbox 361 997 404 1048; x_wconf 90' lang='grc' dir='ltr'>τις</span> <span class='ocrx_word' id='word_1_14' title='bbox 419 971 494 1038; x_wconf 75' lang='grc' dir='ltr'>οὖσα</span> <span class='ocrx_word' id='word_1_15' title='bbox 508 975 682 1038; x_wconf 78' lang='grc' dir='ltr'>παντοδαπὰ</span> <span class='ocrx_word' id='word_1_16' title='bbox 698 983 774 1036; x_wconf 84' lang='grc' dir='ltr'>ποιεῖ</span> <span class='ocrx_word' id='word_1_17' title='bbox 783 977 926 1056; x_wconf 80' lang='grc' dir='ltr'>πρόσωπα</span> <span class='ocrx_word' id='word_1_18' title='bbox 937 971 997 1038; x_wconf 68' lang='lat' dir='ltr'>ari.</span> <span class='ocrx_word' id='word_1_19' title='bbox 1012 971 1066 1060; x_wconf 86' lang='lat' dir='ltr'>(cf.</span> <span class='ocrx_word' id='word_1_20' title='bbox 1079 973 1162 1038; x_wconf 91' lang='lat' dir='ltr'>Hor.</span> 
     </span>
     <span class='ocr_line' id='line_1_4' title="bbox 93 1077 1163 1165; baseline -0.002 -19"><span class='ocrx_word' id='word_1_21' title='bbox 93 1081 189 1146; x_wconf 79' lang='lat' dir='ltr'>sati</span> <span class='ocrx_word' id='word_1_22' title='bbox 202 1085 232 1162; x_wconf 88' lang='lat'>6,</span> <span class='ocrx_word' id='word_1_23' title='bbox 247 1083 301 1165; x_wconf 82' lang='lat'>57)</span> <span class='ocrx_word' id='word_1_24' title='bbox 317 1102 376 1145; x_wconf 91' lang='lat' dir='ltr'>nec</span> <span class='ocrx_word' id='word_1_25' title='bbox 392 1082 460 1146; x_wconf 91' lang='lat' dir='ltr'>sine</span> <span class='ocrx_word' id='word_1_26' title='bbox 475 1085 545 1146; x_wconf 86' lang='lat' dir='ltr'>arte</span> <span class='ocrx_word' id='word_1_27' title='bbox 561 1081 653 1145; x_wconf 87' lang='lat' dir='ltr'>haec:</span> <span class='ocrx_word' id='word_1_28' title='bbox 671 1077 830 1164; x_wconf 77' lang='grc' dir='ltr'><strong>ἐπιθυμίας</strong></span> <span class='ocrx_word' id='word_1_29' title='bbox 845 1083 896 1143; x_wconf 80' lang='grc' dir='ltr'>καὶ</span> <span class='ocrx_word' id='word_1_30' title='bbox 906 1077 1046 1164; x_wconf 84' lang='grc' dir='ltr'>ἐπιβολὰς</span> <span class='ocrx_word' id='word_1_31' title='bbox 1060 1084 1163 1145; x_wconf 86' lang='grc' dir='ltr'>τοσοί-</span> 
     </span>
     <span class='ocr_line' id='line_1_5' title="bbox 91 1185 1164 1274; baseline 0.002 -23"><span class='ocrx_word' id='word_1_32' title='bbox 91 1211 153 1251; x_wconf 87' lang='grc' dir='ltr'>τῶν</span> <span class='ocrx_word' id='word_1_33' title='bbox 180 1190 233 1250; x_wconf 80' lang='grc' dir='ltr'>καί</span> <span class='ocrx_word' id='word_1_34' title='bbox 259 1189 393 1252; x_wconf 81' lang='grc' dir='ltr'>τοιοίτῶν</span> <span class='ocrx_word' id='word_1_35' title='bbox 420 1185 482 1274; x_wconf 80' lang='grc' dir='ltr'>ἔχει</span> <span class='ocrx_word' id='word_1_36' title='bbox 507 1191 544 1253; x_wconf 88' lang='grc'>31</span> <span class='ocrx_word' id='word_1_37' title='bbox 555 1235 564 1270; x_wconf 90' lang='grc'>,</span> <span class='ocrx_word' id='word_1_38' title='bbox 589 1190 628 1252; x_wconf 93' lang='grc'>11</span> <span class='ocrx_word' id='word_1_39' title='bbox 658 1186 707 1252; x_wconf 87' lang='lat' dir='ltr'>vel</span> <span class='ocrx_word' id='word_1_40' title='bbox 734 1185 877 1274; x_wconf 80' lang='grc' dir='ltr'>ἀσφαλῶς</span> <span class='ocrx_word' id='word_1_41' title='bbox 903 1190 955 1250; x_wconf 77' lang='grc' dir='ltr'>καί</span> <span class='ocrx_word' id='word_1_42' title='bbox 983 1185 1105 1259; x_wconf 52' lang='lat' dir='ltr'>&amp;atrae</span> <span class='ocrx_word' id='word_1_43' title='bbox 1131 1189 1164 1253; x_wconf 91' lang='lat' dir='ltr'>in</span> 
     </span>
     <span class='ocr_line' id='line_1_6' title="bbox 92 1293 1165 1378; baseline 0.003 -20"><span class='ocrx_word' id='word_1_44' title='bbox 92 1299 252 1358; x_wconf 86' lang='lat' dir='ltr'>tmemate</span> <span class='ocrx_word' id='word_1_45' title='bbox 282 1294 369 1377; x_wconf 89' lang='lat' dir='ltr'>quod</span> <span class='ocrx_word' id='word_1_46' title='bbox 398 1293 541 1360; x_wconf 88' lang='lat' dir='ltr'>Bioneac</span> <span class='ocrx_word' id='word_1_47' title='bbox 572 1293 702 1378; x_wconf 83' lang='lat' dir='ltr'>originis</span> <span class='ocrx_word' id='word_1_48' title='bbox 734 1313 804 1358; x_wconf 88' lang='lat' dir='ltr'>esse</span> <span class='ocrx_word' id='word_1_49' title='bbox 833 1294 949 1358; x_wconf 87' lang='lat' dir='ltr'>editori</span> <span class='ocrx_word' id='word_1_50' title='bbox 977 1295 1072 1377; x_wconf 88' lang='lat' dir='ltr'>pauci</span> <span class='ocrx_word' id='word_1_51' title='bbox 1100 1317 1165 1361; x_wconf 92' lang='lat' dir='ltr'>uon</span> 
     </span>
     <span class='ocr_line' id='line_1_7' title="bbox 93 1398 1166 1486; baseline 0.003 -22"><span class='ocrx_word' id='word_1_52' title='bbox 93 1400 278 1464; x_wconf 83' lang='lat' dir='ltr'>concedent</span> <span class='ocrx_word' id='word_1_53' title='bbox 296 1404 346 1480; x_wconf 85' lang='lat'>19,</span> <span class='ocrx_word' id='word_1_54' title='bbox 364 1405 395 1464; x_wconf 83' lang='lat'>8.</span> <span class='ocrx_word' id='word_1_55' title='bbox 426 1398 576 1466; x_wconf 82' lang='grc' dir='ltr'>ἀδάπανον</span> <span class='ocrx_word' id='word_1_56' title='bbox 598 1403 649 1463; x_wconf 78' lang='grc' dir='ltr'>καί</span> <span class='ocrx_word' id='word_1_57' title='bbox 670 1398 831 1486; x_wconf 84' lang='grc' dir='ltr'>ἀτρίρερον</span> <span class='ocrx_word' id='word_1_58' title='bbox 854 1399 971 1483; x_wconf 88' lang='lat' dir='ltr'>legitur</span> <span class='ocrx_word' id='word_1_59' title='bbox 993 1401 1026 1465; x_wconf 92' lang='lat' dir='ltr'>in</span> <span class='ocrx_word' id='word_1_60' title='bbox 1043 1401 1166 1467; x_wconf 89' lang='lat' dir='ltr'>Bionea</span> 
     </span>
     <span class='ocr_line' id='line_1_8' title="bbox 92 1506 1165 1592; baseline 0.003 -22"><span class='ocrx_word' id='word_1_61' title='bbox 92 1509 300 1590; x_wconf 81' lang='lat' dir='ltr'>paupertatis</span> <span class='ocrx_word' id='word_1_62' title='bbox 324 1507 469 1572; x_wconf 91' lang='lat' dir='ltr'>oratione</span> <span class='ocrx_word' id='word_1_63' title='bbox 490 1509 593 1589; x_wconf 79' lang='lat'>4,12.</span> <span class='ocrx_word' id='word_1_64' title='bbox 627 1508 704 1573; x_wconf 92' lang='lat' dir='ltr'>item</span> <span class='ocrx_word' id='word_1_65' title='bbox 720 1528 786 1574; x_wconf 89' lang='lat' dir='ltr'>non</span> <span class='ocrx_word' id='word_1_66' title='bbox 801 1508 867 1571; x_wconf 91' lang='lat' dir='ltr'>sine</span> <span class='ocrx_word' id='word_1_67' title='bbox 884 1506 1014 1572; x_wconf 88' lang='lat' dir='ltr'>consilio</span> <span class='ocrx_word' id='word_1_68' title='bbox 1038 1509 1165 1592; x_wconf 84' lang='lat' dir='ltr'>scripsit</span> 
     </span>
     <span class='ocr_line' id='line_1_9' title="bbox 91 1611 1164 1702; baseline 0 -24"><span class='ocrx_word' id='word_1_69' title='bbox 91 1615 178 1678; x_wconf 88' lang='lat' dir='ltr'>haec</span> <span class='ocrx_word' id='word_1_70' title='bbox 204 1616 256 1693; x_wconf 79' lang='lat'>25,</span> <span class='ocrx_word' id='word_1_71' title='bbox 280 1618 296 1677; x_wconf 97' lang='grc'><strong>1</strong></span> <span class='ocrx_word' id='word_1_72' title='bbox 322 1612 402 1677; x_wconf 80' lang='grc' dir='ltr'>ἀλλὰ</span> <span class='ocrx_word' id='word_1_73' title='bbox 424 1614 514 1677; x_wconf 80' lang='grc' dir='ltr'>πλείω</span> <span class='ocrx_word' id='word_1_74' title='bbox 537 1611 564 1676; x_wconf 84' lang='grc' dir='ltr'>οἱ</span> <span class='ocrx_word' id='word_1_75' title='bbox 587 1622 644 1699; x_wconf 86' lang='grc' dir='ltr'>μῦς</span> <span class='ocrx_word' id='word_1_76' title='bbox 663 1616 852 1677; x_wconf 74' lang='grc' dir='ltr'>κατεσθίουσι</span> <span class='ocrx_word' id='word_1_77' title='bbox 871 1617 922 1676; x_wconf 80' lang='grc' dir='ltr'>καί</span> <span class='ocrx_word' id='word_1_78' title='bbox 949 1611 976 1677; x_wconf 89' lang='grc' dir='ltr'>οἱ</span> <span class='ocrx_word' id='word_1_79' title='bbox 1002 1616 1164 1702; x_wconf 78' lang='grc' dir='ltr'>μίρμηυιες.</span> 
     </span>
     <span class='ocr_line' id='line_1_10' title="bbox 12 1719 1164 1808; baseline 0.001 -23"><span class='ocrx_word' id='word_1_80' title='bbox 12 1783 13 1808; x_wconf 52' lang='grc'>,</span> <span class='ocrx_word' id='word_1_81' title='bbox 93 1721 137 1786; x_wconf 86' lang='lat' dir='ltr'>cf.</span> <span class='ocrx_word' id='word_1_82' title='bbox 164 1721 252 1784; x_wconf 92' lang='lat' dir='ltr'>Plut.</span> <span class='ocrx_word' id='word_1_83' title='bbox 277 1719 317 1786; x_wconf 88' lang='lat' dir='ltr'>dc</span> <span class='ocrx_word' id='word_1_84' title='bbox 340 1720 442 1787; x_wconf 88' lang='lat' dir='ltr'>cohib.</span> <span class='ocrx_word' id='word_1_85' title='bbox 470 1722 519 1786; x_wconf 86' lang='lat' dir='ltr'>ira</span> <span class='ocrx_word' id='word_1_86' title='bbox 541 1743 574 1804; x_wconf 90' lang='lat' dir='ltr'>p.</span> <span class='ocrx_word' id='word_1_87' title='bbox 597 1725 662 1785; x_wconf 80' lang='lat'>458</span> <span class='ocrx_word' id='word_1_88' title='bbox 687 1719 714 1786; x_wconf 81' lang='lat' dir='ltr'>O</span> <span class='ocrx_word' id='word_1_89' title='bbox 737 1721 935 1808; x_wconf 77' lang='grc' dir='ltr'>μυρμηκῶδες</span> <span class='ocrx_word' id='word_1_90' title='bbox 961 1725 1012 1785; x_wconf 77' lang='grc' dir='ltr'>οιαὶ</span> <span class='ocrx_word' id='word_1_91' title='bbox 1039 1723 1164 1808; x_wconf 81' lang='grc' dir='ltr'>μυῶδες,</span> 
     </span>
     <span class='ocr_line' id='line_1_11' title="bbox 12 1817 1167 1911; baseline 0.003 -19"><span class='ocrx_word' id='word_1_92' title='bbox 12 1817 13 1850; x_wconf 43' lang='lat' dir='ltr'>l</span> <span class='ocrx_word' id='word_1_93' title='bbox 92 1826 184 1892; x_wconf 91' lang='lat' dir='ltr'>unde</span> <span class='ocrx_word' id='word_1_94' title='bbox 218 1848 309 1892; x_wconf 92' lang='lat' dir='ltr'>suum</span> <span class='ocrx_word' id='word_1_95' title='bbox 338 1828 417 1892; x_wconf 93' lang='lat' dir='ltr'>illud</span> <span class='ocrx_word' id='word_1_96' title='bbox 440 1825 557 1893; x_wconf 78' lang='lat' dir='ltr'>tmures</span> <span class='ocrx_word' id='word_1_97' title='bbox 584 1825 814 1911; x_wconf 84' lang='lat' dir='ltr'>formicaeque’</span> <span class='ocrx_word' id='word_1_98' title='bbox 838 1826 961 1894; x_wconf 85' lang='lat' dir='ltr'>Seneca</span> <span class='ocrx_word' id='word_1_99' title='bbox 990 1828 1030 1894; x_wconf 92' lang='lat' dir='ltr'>de</span> <span class='ocrx_word' id='word_1_100' title='bbox 1058 1831 1107 1894; x_wconf 88' lang='lat' dir='ltr'>ira</span> <span class='ocrx_word' id='word_1_101' title='bbox 1129 1829 1167 1895; x_wconf 93' lang='grc' dir='ltr'>Π</span> 
     </span>
     <span class='ocr_line' id='line_1_12' title="bbox 94 1935 1164 2019; baseline 0.005 -22"><span class='ocrx_word' id='word_1_102' title='bbox 94 1938 190 2016; x_wconf 89' lang='grc'>34,1</span> <span class='ocrx_word' id='word_1_103' title='bbox 216 1935 329 2000; x_wconf 91' lang='lat' dir='ltr'>eodem</span> <span class='ocrx_word' id='word_1_104' title='bbox 358 1941 490 2000; x_wconf 87' lang='lat' dir='ltr'>auctore</span> <span class='ocrx_word' id='word_1_105' title='bbox 519 1956 596 2000; x_wconf 91' lang='lat' dir='ltr'>usus</span> <span class='ocrx_word' id='word_1_106' title='bbox 626 1956 665 2000; x_wconf 90' lang='lat' dir='ltr'>ac</span> <span class='ocrx_word' id='word_1_107' title='bbox 688 1935 892 2000; x_wconf 70' lang='lat' dir='ltr'>Plutarchus·</span> <span class='ocrx_word' id='word_1_108' title='bbox 927 1941 996 2000; x_wconf 85' lang='lat' dir='ltr'>arte</span> <span class='ocrx_word' id='word_1_109' title='bbox 1026 1938 1164 2019; x_wconf 89' lang='lat' dir='ltr'>quadam</span> 
     </span>
     <span class='ocr_line' id='line_1_13' title="bbox 93 2040 1164 2126; baseline 0.001 -18"><span class='ocrx_word' id='word_1_110' title='bbox 93 2049 128 2108; x_wconf 90' lang='lat' dir='ltr'>et</span> <span class='ocrx_word' id='word_1_111' title='bbox 162 2040 368 2123; x_wconf 84' lang='lat' dir='ltr'>simplicitate</span> <span class='ocrx_word' id='word_1_112' title='bbox 400 2043 643 2107; x_wconf 88' lang='lat' dir='ltr'>commendatur</span> <span class='ocrx_word' id='word_1_113' title='bbox 675 2042 754 2106; x_wconf 93' lang='lat' dir='ltr'>illud</span> <span class='ocrx_word' id='word_1_114' title='bbox 786 2040 873 2126; x_wconf 89' lang='lat' dir='ltr'>quod</span> <span class='ocrx_word' id='word_1_115' title='bbox 904 2063 1001 2125; x_wconf 91' lang='lat' dir='ltr'>supra</span> <span class='ocrx_word' id='word_1_116' title='bbox 1029 2043 1093 2108; x_wconf 86' lang='lat' dir='ltr'>alia</span> <span class='ocrx_word' id='word_1_117' title='bbox 1125 2042 1164 2109; x_wconf 93' lang='lat' dir='ltr'>de</span> 
     </span>
     <span class='ocr_line' id='line_1_14' title="bbox 93 2141 1164 2232; baseline 0.001 -18"><span class='ocrx_word' id='word_1_118' title='bbox 93 2169 199 2214; x_wconf 87' lang='lat' dir='ltr'>causa</span> <span class='ocrx_word' id='word_1_119' title='bbox 226 2141 471 2215; x_wconf 83' lang='lat' dir='ltr'>commemoravi</span> <span class='ocrx_word' id='word_1_120' title='bbox 493 2146 628 2232; x_wconf 78' lang='grc' dir='ltr'>εὐπορία,</span> <span class='ocrx_word' id='word_1_121' title='bbox 657 2149 834 2213; x_wconf 87' lang='grc' dir='ltr'>διοίστειλον·</span> <span class='ocrx_word' id='word_1_122' title='bbox 858 2147 980 2232; x_wconf 84' lang='grc' dir='ltr'>ἀπορία,</span> <span class='ocrx_word' id='word_1_123' title='bbox 1008 2151 1164 2226; x_wconf 83' lang='grc' dir='ltr'>σίστειλον,</span> 
     </span>
     <span class='ocr_line' id='line_1_15' title="bbox 93 2252 1166 2342; baseline 0 -22"><span class='ocrx_word' id='word_1_124' title='bbox 93 2255 192 2320; x_wconf 87' lang='lat' dir='ltr'>cuius</span> <span class='ocrx_word' id='word_1_125' title='bbox 214 2253 282 2320; x_wconf 82' lang='lat' dir='ltr'>iere</span> <span class='ocrx_word' id='word_1_126' title='bbox 305 2256 405 2321; x_wconf 89' lang='lat' dir='ltr'>simile</span> <span class='ocrx_word' id='word_1_127' title='bbox 420 2255 587 2321; x_wconf 87' lang='lat' dir='ltr'>artificium</span> <span class='ocrx_word' id='word_1_128' title='bbox 602 2255 663 2321; x_wconf 91' lang='lat' dir='ltr'>hoc</span> <span class='ocrx_word' id='word_1_129' title='bbox 679 2252 800 2332; x_wconf 78' lang='grc' dir='ltr'>ἐκποιεῖ,</span> <span class='ocrx_word' id='word_1_130' title='bbox 823 2267 947 2342; x_wconf 74' lang='grc' dir='ltr'>χρῆσαι·</span> <span class='ocrx_word' id='word_1_131' title='bbox 970 2253 1025 2320; x_wconf 73' lang='grc' dir='ltr'>οὐκ</span> <span class='ocrx_word' id='word_1_132' title='bbox 1047 2255 1166 2331; x_wconf 73' lang='grc' dir='ltr'>ἐκποιεῖ,</span> 
     </span>
     <span class='ocr_line' id='line_1_16' title="bbox 92 2361 1164 2446; baseline 0.003 -21"><span class='ocrx_word' id='word_1_133' title='bbox 92 2371 217 2425; x_wconf 82' lang='grc' dir='ltr'>παῦσαι.</span> <span class='ocrx_word' id='word_1_134' title='bbox 229 2382 288 2426; x_wconf 91' lang='lat' dir='ltr'>nec</span> <span class='ocrx_word' id='word_1_135' title='bbox 300 2383 364 2427; x_wconf 90' lang='lat' dir='ltr'>nou</span> <span class='ocrx_word' id='word_1_136' title='bbox 376 2361 523 2428; x_wconf 90' lang='lat' dir='ltr'>consulto</span> <span class='ocrx_word' id='word_1_137' title='bbox 537 2367 775 2445; x_wconf 88' lang='lat' dir='ltr'>componuntur</span> <span class='ocrx_word' id='word_1_138' title='bbox 786 2384 868 2446; x_wconf 89' lang='lat' dir='ltr'>quae</span> <span class='ocrx_word' id='word_1_139' title='bbox 881 2385 920 2427; x_wconf 89' lang='lat' dir='ltr'>ex</span> <span class='ocrx_word' id='word_1_140' title='bbox 928 2361 1060 2428; x_wconf 83' lang='lat' dir='ltr'>Oratete</span> <span class='ocrx_word' id='word_1_141' title='bbox 1070 2362 1164 2428; x_wconf 61' lang='grc' dir='ltr'>Τιτίου</span> 
     </span>
     <span class='ocr_line' id='line_1_17' title="bbox 92 2468 1168 2556; baseline 0.002 -24"><span class='ocrx_word' id='word_1_142' title='bbox 92 2468 206 2532; x_wconf 91' lang='lat' dir='ltr'>Bione</span> <span class='ocrx_word' id='word_1_143' title='bbox 226 2473 263 2532; x_wconf 93' lang='lat' dir='ltr'>ut</span> <span class='ocrx_word' id='word_1_144' title='bbox 286 2469 410 2534; x_wconf 88' lang='lat' dir='ltr'>videtur</span> <span class='ocrx_word' id='word_1_145' title='bbox 432 2473 565 2534; x_wconf 88' lang='lat' dir='ltr'>auctore</span> <span class='ocrx_word' id='word_1_146' title='bbox 587 2469 718 2551; x_wconf 86' lang='lat' dir='ltr'>repetiit</span> <span class='ocrx_word' id='word_1_147' title='bbox 742 2473 873 2556; x_wconf 78' lang='grc' dir='ltr'>στρέφων</span> <span class='ocrx_word' id='word_1_148' title='bbox 899 2473 950 2532; x_wconf 76' lang='grc' dir='ltr'>καί</span> <span class='ocrx_word' id='word_1_149' title='bbox 976 2470 1093 2555; x_wconf 77' lang='grc' dir='ltr'>μέλλων</span> <span class='ocrx_word' id='word_1_150' title='bbox 1115 2473 1168 2534; x_wconf 75' lang='grc' dir='ltr'>οιαὶ</span> 
     </span>
     <span class='ocr_line' id='line_1_18' title="bbox 93 2574 1164 2659; baseline 0.003 -22"><span class='ocrx_word' id='word_1_151' title='bbox 93 2579 214 2658; x_wconf 81' lang='grc' dir='ltr'>τρέμων</span> <span class='ocrx_word' id='word_1_152' title='bbox 238 2578 291 2655; x_wconf 78' lang='lat'>28,</span> <span class='ocrx_word' id='word_1_153' title='bbox 315 2580 334 2638; x_wconf 84' lang='grc'>8</span> <span class='ocrx_word' id='word_1_154' title='bbox 358 2575 408 2639; x_wconf 88' lang='lat' dir='ltr'>vel</span> <span class='ocrx_word' id='word_1_155' title='bbox 429 2574 512 2640; x_wconf 86' lang='lat' dir='ltr'>iufra</span> <span class='ocrx_word' id='word_1_156' title='bbox 535 2597 617 2658; x_wconf 90' lang='lat' dir='ltr'>quae</span> <span class='ocrx_word' id='word_1_157' title='bbox 641 2575 738 2640; x_wconf 87' lang='lat' dir='ltr'>etiam</span> <span class='ocrx_word' id='word_1_158' title='bbox 760 2576 845 2640; x_wconf 91' lang='lat' dir='ltr'>inter</span> <span class='ocrx_word' id='word_1_159' title='bbox 871 2575 1025 2659; x_wconf 89' lang='lat' dir='ltr'>asyndeta</span> <span class='ocrx_word' id='word_1_160' title='bbox 1050 2574 1164 2642; x_wconf 87' lang='lat' dir='ltr'>referri</span> 
     </span>
     <span class='ocr_line' id='line_1_19' title="bbox 92 2677 1167 2769; baseline 0.001 -25"><span class='ocrx_word' id='word_1_161' title='bbox 92 2684 277 2763; x_wconf 86' lang='lat' dir='ltr'>potuerant</span> <span class='ocrx_word' id='word_1_162' title='bbox 292 2677 347 2744; x_wconf 75' lang='grc' dir='ltr'>ὑπὸ</span> <span class='ocrx_word' id='word_1_163' title='bbox 369 2685 483 2746; x_wconf 84' lang='grc' dir='ltr'>πάντων</span> <span class='ocrx_word' id='word_1_164' title='bbox 506 2683 612 2745; x_wconf 79' lang='grc' dir='ltr'>τουτων</span> <span class='ocrx_word' id='word_1_165' title='bbox 635 2691 831 2766; x_wconf 81' lang='grc' dir='ltr'>μαστιγοῦται,</span> <span class='ocrx_word' id='word_1_166' title='bbox 854 2691 1071 2769; x_wconf 71' lang='grc' dir='ltr'>παρατηρεῖται,</span> <span class='ocrx_word' id='word_1_167' title='bbox 1095 2705 1167 2767; x_wconf 88' lang='grc' dir='ltr'>τρα-</span> 
     </span>
     <span class='ocr_line' id='line_1_20' title="bbox 92 2786 1102 2876; baseline 0.004 -28"><span class='ocrx_word' id='word_1_168' title='bbox 92 2788 253 2874; x_wconf 78' lang='grc' dir='ltr'>χηλίζετοιι</span> <span class='ocrx_word' id='word_1_169' title='bbox 276 2791 364 2869; x_wconf 84' lang='grc'>39,1</span> <span class='ocrx_word' id='word_1_170' title='bbox 389 2788 440 2852; x_wconf 83' lang='lat' dir='ltr'>vel</span> <span class='ocrx_word' id='word_1_171' title='bbox 461 2788 504 2853; x_wconf 92' lang='lat' dir='ltr'>ib.</span> <span class='ocrx_word' id='word_1_172' title='bbox 531 2793 548 2852; x_wconf 90' lang='grc'><strong>7</strong></span> <span class='ocrx_word' id='word_1_173' title='bbox 573 2798 735 2876; x_wconf 83' lang='grc' dir='ltr'>στρατηγεῖ,</span> <span class='ocrx_word' id='word_1_174' title='bbox 758 2798 891 2876; x_wconf 81' lang='grc' dir='ltr'>χορηγεῖ,</span> <span class='ocrx_word' id='word_1_175' title='bbox 915 2786 1102 2870; x_wconf 76' lang='grc' dir='ltr'>ἀγῶνοθετεῖ.</span> 
     </span>
     <span class='ocr_line' id='line_1_21' title="bbox 13 2892 1167 2979; baseline 0.003 -22"><span class='ocrx_word' id='word_1_176' title='bbox 13 2905 14 2912; x_wconf 75' lang='grc'>’</span> <span class='ocrx_word' id='word_1_177' title='bbox 170 2892 307 2977; x_wconf 89' lang='lat' dir='ltr'>denique</span> <span class='ocrx_word' id='word_1_178' title='bbox 337 2894 377 2960; x_wconf 92' lang='lat' dir='ltr'>de</span> <span class='ocrx_word' id='word_1_179' title='bbox 398 2896 656 2979; x_wconf 88' lang='lat' dir='ltr'>prosopopoeiae</span> <span class='ocrx_word' id='word_1_180' title='bbox 687 2901 719 2961; x_wconf 91' lang='lat' dir='ltr'>et</span> <span class='ocrx_word' id='word_1_181' title='bbox 743 2895 981 2960; x_wconf 89' lang='lat' dir='ltr'>similitudinum</span> <span class='ocrx_word' id='word_1_182' title='bbox 1009 2901 1041 2960; x_wconf 91' lang='lat' dir='ltr'>et</span> <span class='ocrx_word' id='word_1_183' title='bbox 1063 2899 1167 2961; x_wconf 86' lang='lat' dir='ltr'>traus-</span> 
     </span>
     <span class='ocr_line' id='line_1_22' title="bbox 93 2999 1168 3088; baseline 0.001 -23"><span class='ocrx_word' id='word_1_184' title='bbox 93 3000 257 3065; x_wconf 85' lang='lat' dir='ltr'>lationum</span> <span class='ocrx_word' id='word_1_185' title='bbox 279 3022 340 3065; x_wconf 91' lang='lat' dir='ltr'>usu</span> <span class='ocrx_word' id='word_1_186' title='bbox 355 2999 475 3086; x_wconf 82' lang='lat' dir='ltr'>Cynico</span> <span class='ocrx_word' id='word_1_187' title='bbox 499 3023 573 3066; x_wconf 91' lang='lat' dir='ltr'>cum</span> <span class='ocrx_word' id='word_1_188' title='bbox 595 3007 706 3085; x_wconf 87' lang='lat' dir='ltr'>ageret</span> <span class='ocrx_word' id='word_1_189' title='bbox 728 3024 830 3084; x_wconf 85' lang='lat' dir='ltr'>nuper</span> <span class='ocrx_word' id='word_1_190' title='bbox 851 3001 902 3088; x_wconf 89' lang='lat' dir='ltr'>(ut</span> <span class='ocrx_word' id='word_1_191' title='bbox 924 3003 1004 3068; x_wconf 86' lang='lat' dir='ltr'>alios</span> <span class='ocrx_word' id='word_1_192' title='bbox 1026 3007 1168 3087; x_wconf 90' lang='lat' dir='ltr'>praeter-</span> 
     </span>
     <span class='ocr_line' id='line_1_23' title="bbox 95 3107 1167 3194; baseline 0.001 -22"><span class='ocrx_word' id='word_1_193' title='bbox 95 3108 241 3192; x_wconf 88' lang='lat' dir='ltr'>mittam)</span> <span class='ocrx_word' id='word_1_194' title='bbox 263 3107 421 3174; x_wconf 84' lang='lat' dir='ltr'>Ernestus</span> <span class='ocrx_word' id='word_1_195' title='bbox 438 3108 561 3174; x_wconf 89' lang='lat' dir='ltr'>Weber</span> <span class='ocrx_word' id='word_1_196' title='bbox 575 3109 596 3173; x_wconf 93' lang='lat' dir='ltr'>l.</span> <span class='ocrx_word' id='word_1_197' title='bbox 614 3130 654 3191; x_wconf 91' lang='grc' dir='ltr'>ο.,</span> <span class='ocrx_word' id='word_1_198' title='bbox 678 3108 782 3174; x_wconf 87' lang='lat' dir='ltr'>facere</span> <span class='ocrx_word' id='word_1_199' title='bbox 798 3109 850 3173; x_wconf 91' lang='lat' dir='ltr'>ille</span> <span class='ocrx_word' id='word_1_200' title='bbox 873 3131 938 3174; x_wconf 89' lang='lat' dir='ltr'>uon</span> <span class='ocrx_word' id='word_1_201' title='bbox 960 3110 1067 3193; x_wconf 87' lang='lat' dir='ltr'>potuit</span> <span class='ocrx_word' id='word_1_202' title='bbox 1089 3111 1167 3194; x_wconf 93' lang='lat' dir='ltr'>quin</span> 
     </span>
     <span class='ocr_line' id='line_1_24' title="bbox 97 3212 1168 3298; baseline 0.002 -20"><span class='ocrx_word' id='word_1_203' title='bbox 97 3215 200 3278; x_wconf 88' lang='lat' dir='ltr'>etiam</span> <span class='ocrx_word' id='word_1_204' title='bbox 216 3212 336 3279; x_wconf 77' lang='lat' dir='ltr'>Telelis</span> <span class='ocrx_word' id='word_1_205' title='bbox 358 3237 451 3281; x_wconf 90' lang='lat' dir='ltr'>usum</span> <span class='ocrx_word' id='word_1_206' title='bbox 474 3220 707 3298; x_wconf 86' lang='lat' dir='ltr'>auctorumque</span> <span class='ocrx_word' id='word_1_207' title='bbox 727 3216 767 3280; x_wconf 89' lang='lat' dir='ltr'>ab</span> <span class='ocrx_word' id='word_1_208' title='bbox 792 3236 830 3280; x_wconf 90' lang='lat' dir='ltr'>eo</span> <span class='ocrx_word' id='word_1_209' title='bbox 846 3215 1060 3281; x_wconf 85' lang='lat' dir='ltr'>adhibitorum</span> <span class='ocrx_word' id='word_1_210' title='bbox 1083 3216 1168 3298; x_wconf 90' lang='lat' dir='ltr'>copi-</span> 
     </span>
     <span class='ocr_line' id='line_1_25' title="bbox 98 3317 1168 3405; baseline 0.002 -20"><span class='ocrx_word' id='word_1_211' title='bbox 98 3321 191 3385; x_wconf 90' lang='lat' dir='ltr'>osius</span> <span class='ocrx_word' id='word_1_212' title='bbox 206 3317 392 3401; x_wconf 84' lang='lat' dir='ltr'>illustraret,</span> <span class='ocrx_word' id='word_1_213' title='bbox 413 3326 449 3385; x_wconf 93' lang='lat' dir='ltr'>ut</span> <span class='ocrx_word' id='word_1_214' title='bbox 464 3320 544 3386; x_wconf 89' lang='lat' dir='ltr'>hacc</span> <span class='ocrx_word' id='word_1_215' title='bbox 560 3322 664 3386; x_wconf 87' lang='lat' dir='ltr'>denuo</span> <span class='ocrx_word' id='word_1_216' title='bbox 680 3322 849 3388; x_wconf 86' lang='lat' dir='ltr'>retractari</span> <span class='ocrx_word' id='word_1_217' title='bbox 865 3321 961 3388; x_wconf 89' lang='lat' dir='ltr'>hodie</span> <span class='ocrx_word' id='word_1_218' title='bbox 975 3322 1026 3386; x_wconf 86' lang='lat' dir='ltr'>vix</span> <span class='ocrx_word' id='word_1_219' title='bbox 1050 3343 1168 3405; x_wconf 88' lang='lat' dir='ltr'>operae</span> 
     </span>
     <span class='ocr_line' id='line_1_26' title="bbox 96 3427 1170 3513; baseline 0.003 -22"><span class='ocrx_word' id='word_1_220' title='bbox 96 3427 243 3511; x_wconf 88' lang='lat' dir='ltr'>pretium</span> <span class='ocrx_word' id='word_1_221' title='bbox 266 3449 334 3494; x_wconf 88' lang='lat' dir='ltr'>esse</span> <span class='ocrx_word' id='word_1_222' title='bbox 356 3429 512 3495; x_wconf 86' lang='lat' dir='ltr'>videatur.</span> <span class='ocrx_word' id='word_1_223' title='bbox 537 3429 577 3494; x_wconf 87' lang='lat' dir='ltr'>de</span> <span class='ocrx_word' id='word_1_224' title='bbox 606 3430 850 3511; x_wconf 90' lang='lat' dir='ltr'>prosopopoeiis</span> <span class='ocrx_word' id='word_1_225' title='bbox 871 3433 988 3493; x_wconf 84' lang='lat' dir='ltr'>autem</span> <span class='ocrx_word' id='word_1_226' title='bbox 1013 3429 1170 3513; x_wconf 92' lang='lat' dir='ltr'>inspicere</span> 
     </span>
     <span class='ocr_line' id='line_1_27' title="bbox 96 3532 1167 3620; baseline 0 -21"><span class='ocrx_word' id='word_1_227' title='bbox 96 3532 224 3599; x_wconf 88' lang='lat' dir='ltr'>iuvabit</span> <span class='ocrx_word' id='word_1_228' title='bbox 250 3535 346 3600; x_wconf 88' lang='lat' dir='ltr'>etiam</span> <span class='ocrx_word' id='word_1_229' title='bbox 376 3556 414 3600; x_wconf 85' lang='lat' dir='ltr'>aa</span> <span class='ocrx_word' id='word_1_230' title='bbox 445 3556 526 3618; x_wconf 86' lang='lat' dir='ltr'>quae</span> <span class='ocrx_word' id='word_1_231' title='bbox 551 3535 678 3620; x_wconf 86' lang='lat' dir='ltr'>collegit</span> <span class='ocrx_word' id='word_1_232' title='bbox 699 3536 872 3601; x_wconf 86' lang='lat' dir='ltr'>Eduardus</span> <span class='ocrx_word' id='word_1_233' title='bbox 896 3535 1048 3619; x_wconf 87' lang='lat' dir='ltr'>Norden,</span> <span class='ocrx_word' id='word_1_234' title='bbox 1079 3536 1167 3600; x_wconf 90' lang='lat' dir='ltr'>cuius</span> 
     </span>
     <span class='ocr_line' id='line_1_28' title="bbox 97 3640 1168 3731; baseline -0.002 -24"><span class='ocrx_word' id='word_1_235' title='bbox 97 3640 232 3724; x_wconf 87' lang='lat' dir='ltr'>egregia</span> <span class='ocrx_word' id='word_1_236' title='bbox 255 3641 294 3706; x_wconf 89' lang='lat' dir='ltr'>de</span> <span class='ocrx_word' id='word_1_237' title='bbox 317 3641 472 3710; x_wconf 87' lang='lat' dir='ltr'>Varronis</span> <span class='ocrx_word' id='word_1_238' title='bbox 496 3642 612 3731; x_wconf 85' lang='lat' dir='ltr'>saturis</span> <span class='ocrx_word' id='word_1_239' title='bbox 635 3641 817 3726; x_wconf 90' lang='lat' dir='ltr'>Menippeis</span> <span class='ocrx_word' id='word_1_240' title='bbox 845 3642 1027 3708; x_wconf 86' lang='lat' dir='ltr'>dissertatio</span> <span class='ocrx_word' id='word_1_241' title='bbox 1050 3642 1168 3726; x_wconf 86' lang='lat' dir='ltr'>legitur</span> 
     </span>
     <span class='ocr_line' id='line_1_29' title="bbox 97 3746 1168 3832; baseline -0.002 -19"><span class='ocrx_word' id='word_1_242' title='bbox 97 3746 264 3813; x_wconf 82' lang='lat' dir='ltr'>annalium</span> <span class='ocrx_word' id='word_1_243' title='bbox 293 3746 560 3831; x_wconf 85' lang='lat' dir='ltr'>philologicorum</span> <span class='ocrx_word' id='word_1_244' title='bbox 590 3749 812 3832; x_wconf 89' lang='lat' dir='ltr'>supplemento</span> <span class='ocrx_word' id='word_1_245' title='bbox 837 3754 952 3815; x_wconf 84' lang='lat' dir='ltr'>octavo</span> <span class='ocrx_word' id='word_1_246' title='bbox 976 3749 1099 3814; x_wconf 90' lang='lat' dir='ltr'>decimo</span> <span class='ocrx_word' id='word_1_247' title='bbox 1123 3749 1168 3813; x_wconf 93' lang='lat' dir='ltr'>in-</span> 
     </span>
     <span class='ocr_line' id='line_1_30' title="bbox 98 3859 200 3919; baseline -0.029 0"><span class='ocrx_word' id='word_1_248' title='bbox 98 3859 200 3919; x_wconf 86' lang='lat' dir='ltr'>serta.</span> 
     </span>
    </p>
   </div>
   <div class='ocr_carea' id='block_1_3' title="bbox 0 0 1511 5086">
    <p class='ocr_par' dir='ltr' id='par_1_3' title="bbox 0 0 1511 5086">
     <span class='ocr_line' id='line_1_31' title="bbox 0 0 1511 5086; baseline 0 0"><span class='ocrx_word' id='word_1_249' title='bbox 0 0 1511 5086; x_wconf 95' lang='lat' dir='ltr'> </span> 
     </span>
    </p>
   </div>
  </div>
 </body>
</html>
