<?xml version="1.0" encoding="UTF-8"?>
<!DOCTYPE html PUBLIC "-//W3C//DTD XHTML 1.0 Transitional//EN"
    "http://www.w3.org/TR/xhtml1/DTD/xhtml1-transitional.dtd">
<html xmlns="http://www.w3.org/1999/xhtml" xml:lang="en" lang="en">
 <head>
  <title>
</title>
<meta http-equiv="Content-Type" content="text/html;charset=utf-8" />
  <meta name='ocr-system' content='tesseract 3.04.00' />
  <meta name='ocr-capabilities' content='ocr_page ocr_carea ocr_par ocr_line ocrx_word'/>
</head>
<body>
  <div class='ocr_page' id='page_1' title='image "./deteletiselocut01mlgoog_0041.png"; bbox 0 0 2996 5086; ppageno 0'>
   <div class='ocr_carea' id='block_1_1' title="bbox 773 623 991 683">
    <p class='ocr_par' dir='ltr' id='par_1_1' title="bbox 773 623 991 683">
     <span class='ocr_line' id='line_1_1' title="bbox 773 623 991 683; baseline 0.005 -18"><span class='ocrx_word' id='word_1_1' title='bbox 773 623 991 683; x_wconf 70' lang='lat'>..35-</span> 
     </span>
    </p>
   </div>
   <div class='ocr_carea' id='block_1_2' title="bbox 342 810 1432 2502">
    <p class='ocr_par' dir='ltr' id='par_1_2' title="bbox 344 810 1432 1966">
     <span class='ocr_line' id='line_1_2' title="bbox 346 810 1432 900; baseline 0.002 -25"><span class='ocrx_word' id='word_1_2' title='bbox 346 811 380 876; x_wconf 90' lang='lat' dir='ltr'>id</span> <span class='ocrx_word' id='word_1_3' title='bbox 402 833 442 876; x_wconf 92' lang='lat' dir='ltr'>nc</span> <span class='ocrx_word' id='word_1_4' title='bbox 457 817 535 877; x_wconf 91' lang='lat' dir='ltr'>tunc</span> <span class='ocrx_word' id='word_1_5' title='bbox 557 811 684 895; x_wconf 87' lang='lat' dir='ltr'>quidem</span> <span class='ocrx_word' id='word_1_6' title='bbox 700 813 814 878; x_wconf 90' lang='lat' dir='ltr'>mirum</span> <span class='ocrx_word' id='word_1_7' title='bbox 830 818 923 895; x_wconf 88' lang='lat' dir='ltr'>esset,</span> <span class='ocrx_word' id='word_1_8' title='bbox 949 813 975 877; x_wconf 93' lang='lat' dir='ltr'>si</span> <span class='ocrx_word' id='word_1_9' title='bbox 990 811 1088 879; x_wconf 86' lang='lat' dir='ltr'>verba</span> <span class='ocrx_word' id='word_1_10' title='bbox 1110 810 1135 877; x_wconf 76' lang='lat' dir='ltr'>et</span> <span class='ocrx_word' id='word_1_11' title='bbox 1150 817 1203 899; x_wconf 81' lang='grc' dir='ltr'>μὲν</span> <span class='ocrx_word' id='word_1_12' title='bbox 1225 817 1277 900; x_wconf 76' lang='grc' dir='ltr'>τὴν</span> <span class='ocrx_word' id='word_1_13' title='bbox 1294 822 1432 894; x_wconf 77' lang='grc' dir='ltr'>γυναῖκα</span> 
     </span>
     <span class='ocr_line' id='line_1_3' title="bbox 345 917 1430 1006; baseline 0.003 -25"><span class='ocrx_word' id='word_1_14' title='bbox 345 917 444 1004; x_wconf 74' lang='grc' dir='ltr'>ᾔσδοο</span> <span class='ocrx_word' id='word_1_15' title='bbox 467 923 597 1006; x_wconf 79' lang='grc' dir='ltr'>πονηρὰν</span> <span class='ocrx_word' id='word_1_16' title='bbox 619 923 670 983; x_wconf 78' lang='grc' dir='ltr'>καὶ</span> <span class='ocrx_word' id='word_1_17' title='bbox 693 917 846 1004; x_wconf 79' lang='grc' dir='ltr'>ἐπίβουλον</span> <span class='ocrx_word' id='word_1_18' title='bbox 863 917 951 986; x_wconf 80' lang='grc' dir='ltr'>οὖσαν</span> <span class='ocrx_word' id='word_1_19' title='bbox 978 923 1028 1002; x_wconf 85' lang='grc'>18,</span> <span class='ocrx_word' id='word_1_20' title='bbox 1048 927 1065 984; x_wconf 99' lang='grc'>7</span> <span class='ocrx_word' id='word_1_21' title='bbox 1090 941 1156 986; x_wconf 91' lang='lat' dir='ltr'>non</span> <span class='ocrx_word' id='word_1_22' title='bbox 1170 921 1430 1004; x_wconf 80' lang='lat' dir='ltr'>praecederent,</span> 
     </span>
     <span class='ocr_line' id='line_1_4' title="bbox 346 1023 1429 1116; baseline -0.001 -25"><span class='ocrx_word' id='word_1_23' title='bbox 346 1023 385 1091; x_wconf 88' lang='lat' dir='ltr'>of.</span> <span class='ocrx_word' id='word_1_24' title='bbox 398 1024 522 1110; x_wconf 86' lang='lat' dir='ltr'>Krueg.</span> <span class='ocrx_word' id='word_1_25' title='bbox 537 1030 588 1108; x_wconf 82' lang='lat'>56,</span> <span class='ocrx_word' id='word_1_26' title='bbox 603 1032 632 1109; x_wconf 97' lang='grc'>7,</span> <span class='ocrx_word' id='word_1_27' title='bbox 642 1029 673 1091; x_wconf 90' lang='lat'>4.</span> <span class='ocrx_word' id='word_1_28' title='bbox 692 1048 793 1110; x_wconf 88' lang='lat' dir='ltr'>aeque</span> <span class='ocrx_word' id='word_1_29' title='bbox 806 1027 935 1110; x_wconf 82' lang='lat' dir='ltr'>scripsit</span> <span class='ocrx_word' id='word_1_30' title='bbox 946 1026 1040 1093; x_wconf 78' lang='lat' dir='ltr'>&#39;Peles</span> <span class='ocrx_word' id='word_1_31' title='bbox 1058 1027 1141 1100; x_wconf 80' lang='grc' dir='ltr'>δείξω</span> <span class='ocrx_word' id='word_1_32' title='bbox 1158 1028 1210 1091; x_wconf 83' lang='grc' dir='ltr'>δόο</span> <span class='ocrx_word' id='word_1_33' title='bbox 1226 1026 1372 1116; x_wconf 79' lang='grc' dir='ltr'>ἀδελφῶν</span> <span class='ocrx_word' id='word_1_34' title='bbox 1384 1077 1391 1090; x_wconf 95' lang='grc'>.</span> <span class='ocrx_word' id='word_1_35' title='bbox 1403 1077 1429 1090; x_wconf 94' lang='grc'>..</span> 
     </span>
     <span class='ocr_line' id='line_1_5' title="bbox 345 1130 1430 1219; baseline 0.001 -23"><span class='ocrx_word' id='word_1_36' title='bbox 345 1135 394 1197; x_wconf 84' lang='grc' dir='ltr'>τόν</span> <span class='ocrx_word' id='word_1_37' title='bbox 416 1137 469 1219; x_wconf 86' lang='grc' dir='ltr'>μὲν</span> <span class='ocrx_word' id='word_1_38' title='bbox 492 1130 522 1197; x_wconf 82' lang='grc' dir='ltr'>ἐν</span> <span class='ocrx_word' id='word_1_39' title='bbox 544 1144 581 1218; x_wconf 75' lang='grc' dir='ltr'>τῇ</span> <span class='ocrx_word' id='word_1_40' title='bbox 604 1138 686 1218; x_wconf 80' lang='grc' dir='ltr'>πόισῃ</span> <span class='ocrx_word' id='word_1_41' title='bbox 709 1133 828 1218; x_wconf 77' lang='grc' dir='ltr'>ἀπορία,</span> <span class='ocrx_word' id='word_1_42' title='bbox 852 1137 901 1199; x_wconf 84' lang='grc' dir='ltr'>τόν</span> <span class='ocrx_word' id='word_1_43' title='bbox 925 1135 957 1198; x_wconf 88' lang='grc' dir='ltr'>δὲ</span> <span class='ocrx_word' id='word_1_44' title='bbox 981 1132 1010 1199; x_wconf 83' lang='grc' dir='ltr'>ἐν</span> <span class='ocrx_word' id='word_1_45' title='bbox 1031 1131 1151 1218; x_wconf 74' lang='grc' dir='ltr'>εόκολὶα</span> <span class='ocrx_word' id='word_1_46' title='bbox 1167 1139 1197 1217; x_wconf 87' lang='grc'>8,</span> <span class='ocrx_word' id='word_1_47' title='bbox 1212 1139 1243 1217; x_wconf 94' lang='grc'>6,</span> <span class='ocrx_word' id='word_1_48' title='bbox 1268 1134 1329 1201; x_wconf 87' lang='lat' dir='ltr'>sed</span> <span class='ocrx_word' id='word_1_49' title='bbox 1344 1156 1430 1199; x_wconf 85' lang='lat' dir='ltr'>mox</span> 
     </span>
     <span class='ocr_line' id='line_1_6' title="bbox 346 1238 1428 1329; baseline 0.002 -27"><span class='ocrx_word' id='word_1_50' title='bbox 346 1238 471 1303; x_wconf 86' lang='lat' dir='ltr'>addidit</span> <span class='ocrx_word' id='word_1_51' title='bbox 494 1239 596 1305; x_wconf 90' lang='lat' dir='ltr'>eidem</span> <span class='ocrx_word' id='word_1_52' title='bbox 620 1241 852 1306; x_wconf 77' lang='lat' dir='ltr'>constructioni</span> <span class='ocrx_word' id='word_1_53' title='bbox 875 1239 943 1306; x_wconf 83' lang='grc' dir='ltr'>ὄντα</span> <span class='ocrx_word' id='word_1_54' title='bbox 967 1246 997 1322; x_wconf 88' lang='grc'>8,</span> <span class='ocrx_word' id='word_1_55' title='bbox 1017 1244 1067 1307; x_wconf 87' lang='grc'>10.</span> <span class='ocrx_word' id='word_1_56' title='bbox 1103 1239 1142 1305; x_wconf 85' lang='lat' dir='ltr'>cf.</span> <span class='ocrx_word' id='word_1_57' title='bbox 1161 1262 1193 1323; x_wconf 92' lang='lat' dir='ltr'>p.</span> <span class='ocrx_word' id='word_1_58' title='bbox 1212 1246 1304 1323; x_wconf 81' lang='lat' dir='ltr'><strong>38,ss</strong></span> <span class='ocrx_word' id='word_1_59' title='bbox 1332 1239 1428 1329; x_wconf 74' lang='grc' dir='ltr'>εὑρή-</span> 
     </span>
     <span class='ocr_line' id='line_1_7' title="bbox 345 1345 1427 1436; baseline 0.003 -27"><span class='ocrx_word' id='word_1_60' title='bbox 345 1368 389 1409; x_wconf 91' lang='grc' dir='ltr'>σει</span> <span class='ocrx_word' id='word_1_61' title='bbox 416 1347 520 1431; x_wconf 81' lang='grc' dir='ltr'>πολλῷ</span> <span class='ocrx_word' id='word_1_62' title='bbox 549 1348 667 1420; x_wconf 80' lang='grc' dir='ltr'>πλεὶοος</span> <span class='ocrx_word' id='word_1_63' title='bbox 696 1351 748 1422; x_wconf 87' lang='grc' dir='ltr'>τὰς</span> <span class='ocrx_word' id='word_1_64' title='bbox 778 1346 955 1436; x_wconf 75' lang='grc' dir='ltr'>ἀλγηδόνας.</span> <span class='ocrx_word' id='word_1_65' title='bbox 996 1353 1071 1432; x_wconf 91' lang='lat' dir='ltr'>post</span> <span class='ocrx_word' id='word_1_66' title='bbox 1101 1347 1217 1412; x_wconf 80' lang='grc' dir='ltr'>ἀνιοόειν</span> <span class='ocrx_word' id='word_1_67' title='bbox 1248 1345 1324 1432; x_wconf 85' lang='grc' dir='ltr'>ὁρᾶν</span> <span class='ocrx_word' id='word_1_68' title='bbox 1355 1371 1427 1414; x_wconf 89' lang='lat' dir='ltr'>non</span> 
     </span>
     <span class='ocr_line' id='line_1_8' title="bbox 345 1451 1426 1538; baseline 0.003 -22"><span class='ocrx_word' id='word_1_69' title='bbox 345 1473 452 1518; x_wconf 89' lang='lat' dir='ltr'>rarum</span> <span class='ocrx_word' id='word_1_70' title='bbox 483 1459 531 1518; x_wconf 87' lang='lat' dir='ltr'>est</span> <span class='ocrx_word' id='word_1_71' title='bbox 560 1451 604 1517; x_wconf 78' lang='grc' dir='ltr'>ὅτι</span> <span class='ocrx_word' id='word_1_72' title='bbox 631 1455 680 1520; x_wconf 85' lang='lat' dir='ltr'>vel</span> <span class='ocrx_word' id='word_1_73' title='bbox 708 1455 779 1518; x_wconf 94' lang='grc' dir='ltr'>διότι</span> <span class='ocrx_word' id='word_1_74' title='bbox 808 1459 930 1538; x_wconf 84' lang='lat'><strong>36,13.</strong></span> <span class='ocrx_word' id='word_1_75' title='bbox 958 1457 1013 1538; x_wconf 93' lang='grc'>44,</span> <span class='ocrx_word' id='word_1_76' title='bbox 1039 1458 1079 1518; x_wconf 91' lang='grc'>16</span> <span class='ocrx_word' id='word_1_77' title='bbox 1109 1460 1141 1520; x_wconf 90' lang='lat' dir='ltr'>et</span> <span class='ocrx_word' id='word_1_78' title='bbox 1163 1457 1362 1537; x_wconf 88' lang='lat' dir='ltr'>praesertim</span> <span class='ocrx_word' id='word_1_79' title='bbox 1391 1457 1426 1519; x_wconf 92' lang='lat' dir='ltr'>in</span> 
     </span>
     <span class='ocr_line' id='line_1_9' title="bbox 344 1556 1424 1648; baseline 0.002 -25"><span class='ocrx_word' id='word_1_80' title='bbox 344 1558 481 1626; x_wconf 84' lang='lat' dir='ltr'>formula</span> <span class='ocrx_word' id='word_1_81' title='bbox 508 1558 527 1646; x_wconf 79' lang='grc' dir='ltr'>ἢ</span> <span class='ocrx_word' id='word_1_82' title='bbox 556 1556 613 1646; x_wconf 74' lang='grc' dir='ltr'>οὐχ</span> <span class='ocrx_word' id='word_1_83' title='bbox 641 1559 714 1646; x_wconf 74' lang='grc' dir='ltr'>ὁρᾷς</span> <span class='ocrx_word' id='word_1_84' title='bbox 740 1559 783 1625; x_wconf 79' lang='grc' dir='ltr'>ότι</span> <span class='ocrx_word' id='word_1_85' title='bbox 814 1564 865 1644; x_wconf 88' lang='grc'>34,</span> <span class='ocrx_word' id='word_1_86' title='bbox 882 1564 914 1626; x_wconf 88' lang='grc'>4.</span> <span class='ocrx_word' id='word_1_87' title='bbox 940 1566 981 1627; x_wconf 88' lang='grc'>10</span> <span class='ocrx_word' id='word_1_88' title='bbox 1009 1559 1028 1648; x_wconf 80' lang='grc' dir='ltr'><strong>ἢ</strong></span> <span class='ocrx_word' id='word_1_89' title='bbox 1052 1562 1138 1626; x_wconf 89' lang='grc' dir='ltr'>πόιλιν</span> <span class='ocrx_word' id='word_1_90' title='bbox 1162 1559 1219 1648; x_wconf 73' lang='grc' dir='ltr'>οὐχ</span> <span class='ocrx_word' id='word_1_91' title='bbox 1246 1559 1323 1646; x_wconf 73' lang='grc' dir='ltr'>ὁρᾷς</span> <span class='ocrx_word' id='word_1_92' title='bbox 1348 1563 1424 1626; x_wconf 82' lang='grc' dir='ltr'>διότι</span> 
     </span>
     <span class='ocr_line' id='line_1_10' title="bbox 346 1665 1423 1754; baseline 0.006 -25"><span class='ocrx_word' id='word_1_93' title='bbox 346 1670 397 1750; x_wconf 92' lang='grc'>35,</span> <span class='ocrx_word' id='word_1_94' title='bbox 412 1672 442 1735; x_wconf 90' lang='grc'>2.</span> <span class='ocrx_word' id='word_1_95' title='bbox 466 1667 592 1732; x_wconf 87' lang='lat' dir='ltr'>accedit</span> <span class='ocrx_word' id='word_1_96' title='bbox 608 1665 823 1754; x_wconf 79' lang='grc' dir='ltr'>ἐνθομοόμενον</span> <span class='ocrx_word' id='word_1_97' title='bbox 839 1665 882 1731; x_wconf 77' lang='grc' dir='ltr'>δα</span> <span class='ocrx_word' id='word_1_98' title='bbox 897 1671 951 1746; x_wconf 92' lang='grc'>45,</span> <span class='ocrx_word' id='word_1_99' title='bbox 967 1671 1018 1732; x_wconf 87' lang='grc'>14.</span> <span class='ocrx_word' id='word_1_100' title='bbox 1043 1666 1085 1732; x_wconf 86' lang='lat' dir='ltr'>cf.</span> <span class='ocrx_word' id='word_1_101' title='bbox 1101 1667 1227 1750; x_wconf 85' lang='lat' dir='ltr'>Krueg.</span> <span class='ocrx_word' id='word_1_102' title='bbox 1249 1672 1302 1749; x_wconf 89' lang='grc'>56,</span> <span class='ocrx_word' id='word_1_103' title='bbox 1318 1674 1352 1751; x_wconf 85' lang='grc'>8,</span> <span class='ocrx_word' id='word_1_104' title='bbox 1369 1673 1423 1735; x_wconf 90' lang='grc'>12.</span> 
     </span>
     <span class='ocr_line' id='line_1_11' title="bbox 345 1771 1421 1862; baseline 0.002 -23"><span class='ocrx_word' id='word_1_105' title='bbox 345 1773 384 1839; x_wconf 91' lang='lat' dir='ltr'>de</span> <span class='ocrx_word' id='word_1_106' title='bbox 412 1775 581 1840; x_wconf 74' lang='lat' dir='ltr'>structuris</span> <span class='ocrx_word' id='word_1_107' title='bbox 610 1771 668 1860; x_wconf 78' lang='grc' dir='ltr'>οὐχ</span> <span class='ocrx_word' id='word_1_108' title='bbox 696 1772 757 1859; x_wconf 84' lang='grc' dir='ltr'>δρῶ</span> <span class='ocrx_word' id='word_1_109' title='bbox 784 1785 848 1847; x_wconf 85' lang='grc' dir='ltr'>πῶς</span> <span class='ocrx_word' id='word_1_110' title='bbox 863 1823 870 1838; x_wconf 92' lang='grc'>.</span> <span class='ocrx_word' id='word_1_111' title='bbox 888 1824 919 1838; x_wconf 95' lang='grc'>..</span> <span class='ocrx_word' id='word_1_112' title='bbox 943 1775 1005 1862; x_wconf 75' lang='grc' dir='ltr'>ἔχει</span> <span class='ocrx_word' id='word_1_113' title='bbox 1030 1779 1141 1859; x_wconf 84' lang='grc'>33,13</span> <span class='ocrx_word' id='word_1_114' title='bbox 1166 1774 1322 1841; x_wconf 90' lang='lat' dir='ltr'>similibus</span> <span class='ocrx_word' id='word_1_115' title='bbox 1347 1776 1421 1841; x_wconf 87' lang='lat' dir='ltr'>vide</span> 
     </span>
     <span class='ocr_line' id='line_1_12' title="bbox 344 1878 596 1966; baseline 0.004 -22"><span class='ocrx_word' id='word_1_116' title='bbox 344 1880 457 1946; x_wconf 90' lang='lat' dir='ltr'>indicis</span> <span class='ocrx_word' id='word_1_117' title='bbox 480 1903 508 1945; x_wconf 87' lang='lat' dir='ltr'>v.</span> <span class='ocrx_word' id='word_1_118' title='bbox 526 1878 596 1966; x_wconf 84' lang='grc' dir='ltr'>δρῶ.</span> 
     </span>
    </p>

    <p class='ocr_par' dir='ltr' id='par_1_3' title="bbox 343 1988 1418 2182">
     <span class='ocr_line' id='line_1_13' title="bbox 410 1988 1418 2073; baseline -0.001 -19"><span class='ocrx_word' id='word_1_119' title='bbox 410 1988 555 2054; x_wconf 86' lang='lat' dir='ltr'>absolute</span> <span class='ocrx_word' id='word_1_120' title='bbox 589 1989 722 2072; x_wconf 91' lang='lat' dir='ltr'>ponitur</span> <span class='ocrx_word' id='word_1_121' title='bbox 755 1989 955 2054; x_wconf 87' lang='lat' dir='ltr'>accusativus</span> <span class='ocrx_word' id='word_1_122' title='bbox 990 1989 1152 2073; x_wconf 85' lang='lat' dir='ltr'>participii</span> <span class='ocrx_word' id='word_1_123' title='bbox 1187 1989 1252 2054; x_wconf 81' lang='grc' dir='ltr'>δέον</span> <span class='ocrx_word' id='word_1_124' title='bbox 1287 1993 1346 2073; x_wconf 91' lang='grc'>45,</span> <span class='ocrx_word' id='word_1_125' title='bbox 1378 1994 1418 2054; x_wconf 86' lang='grc'>12</span> 
     </span>
     <span class='ocr_line' id='line_1_14' title="bbox 343 2094 670 2182; baseline 0.012 -23"><span class='ocrx_word' id='word_1_126' title='bbox 343 2094 481 2179; x_wconf 84' lang='lat' dir='ltr'>(Krueg.</span> <span class='ocrx_word' id='word_1_127' title='bbox 508 2099 559 2178; x_wconf 87' lang='lat'>56,</span> <span class='ocrx_word' id='word_1_128' title='bbox 578 2100 607 2177; x_wconf 82' lang='lat'>9,</span> <span class='ocrx_word' id='word_1_129' title='bbox 626 2095 670 2182; x_wconf 88' lang='grc'>5).</span> 
     </span>
    </p>

    <p class='ocr_par' dir='ltr' id='par_1_4' title="bbox 342 2201 1417 2397">
     <span class='ocr_line' id='line_1_15' title="bbox 409 2201 1417 2289; baseline 0.001 -23"><span class='ocrx_word' id='word_1_130' title='bbox 409 2203 566 2286; x_wconf 90' lang='lat' dir='ltr'>temporis</span> <span class='ocrx_word' id='word_1_131' title='bbox 578 2203 666 2268; x_wconf 92' lang='lat' dir='ltr'>notio</span> <span class='ocrx_word' id='word_1_132' title='bbox 681 2203 862 2268; x_wconf 84' lang='lat' dir='ltr'>accuratius</span> <span class='ocrx_word' id='word_1_133' title='bbox 875 2201 1025 2269; x_wconf 90' lang='lat' dir='ltr'>definitur</span> <span class='ocrx_word' id='word_1_134' title='bbox 1037 2201 1101 2289; x_wconf 80' lang='grc' dir='ltr'>ἅμα</span> <span class='ocrx_word' id='word_1_135' title='bbox 1112 2202 1271 2286; x_wconf 86' lang='lat' dir='ltr'>particula</span> <span class='ocrx_word' id='word_1_136' title='bbox 1282 2204 1417 2286; x_wconf 85' lang='lat' dir='ltr'>partici-</span> 
     </span>
     <span class='ocr_line' id='line_1_16' title="bbox 342 2307 1416 2397; baseline 0 -25"><span class='ocrx_word' id='word_1_137' title='bbox 342 2309 396 2392; x_wconf 93' lang='lat' dir='ltr'>pio</span> <span class='ocrx_word' id='word_1_138' title='bbox 408 2308 534 2376; x_wconf 87' lang='lat' dir='ltr'>adiecta</span> <span class='ocrx_word' id='word_1_139' title='bbox 547 2314 598 2393; x_wconf 90' lang='lat'>35,</span> <span class='ocrx_word' id='word_1_140' title='bbox 615 2314 654 2375; x_wconf 91' lang='lat'>10</span> <span class='ocrx_word' id='word_1_141' title='bbox 670 2315 825 2396; x_wconf 75' lang='grc' dir='ltr'>προσέχειν</span> <span class='ocrx_word' id='word_1_142' title='bbox 838 2309 901 2396; x_wconf 81' lang='grc' dir='ltr'>ἅμα</span> <span class='ocrx_word' id='word_1_143' title='bbox 916 2307 1060 2395; x_wconf 82' lang='grc' dir='ltr'>ῥάπτοντα</span> <span class='ocrx_word' id='word_1_144' title='bbox 1074 2309 1212 2397; x_wconf 87' lang='lat' dir='ltr'>(Krueg.</span> <span class='ocrx_word' id='word_1_145' title='bbox 1231 2313 1284 2391; x_wconf 87' lang='lat'>56,</span> <span class='ocrx_word' id='word_1_146' title='bbox 1299 2312 1356 2390; x_wconf 90' lang='lat'>11,</span> <span class='ocrx_word' id='word_1_147' title='bbox 1373 2311 1416 2395; x_wconf 86' lang='lat'>3).</span> 
     </span>
    </p>

    <p class='ocr_par' dir='ltr' id='par_1_5' title="bbox 409 2415 1416 2502">
     <span class='ocr_line' id='line_1_17' title="bbox 409 2415 1416 2502; baseline -0.002 -20"><span class='ocrx_word' id='word_1_148' title='bbox 409 2417 545 2484; x_wconf 86' lang='lat' dir='ltr'>membri</span> <span class='ocrx_word' id='word_1_149' title='bbox 573 2417 799 2484; x_wconf 87' lang='lat' dir='ltr'>condicionalis</span> <span class='ocrx_word' id='word_1_150' title='bbox 827 2418 895 2483; x_wconf 85' lang='lat' dir='ltr'>vice</span> <span class='ocrx_word' id='word_1_151' title='bbox 924 2416 1065 2502; x_wconf 85' lang='lat' dir='ltr'>fungitur</span> <span class='ocrx_word' id='word_1_152' title='bbox 1091 2417 1295 2500; x_wconf 82' lang='lat' dir='ltr'>participium</span> <span class='ocrx_word' id='word_1_153' title='bbox 1325 2415 1416 2482; x_wconf 83' lang='lat' dir='ltr'>haud</span> 
     </span>
    </p>
   </div>
   <div class='ocr_carea' id='block_1_3' title="bbox 341 2521 1480 2940">
    <p class='ocr_par' dir='ltr' id='par_1_6' title="bbox 341 2521 1480 2940">
     <span class='ocr_line' id='line_1_18' title="bbox 341 2521 1413 2612; baseline -0.003 -23"><span class='ocrx_word' id='word_1_154' title='bbox 341 2545 416 2590; x_wconf 87' lang='lat' dir='ltr'>raro</span> <span class='ocrx_word' id='word_1_155' title='bbox 440 2523 519 2588; x_wconf 81' lang='grc' dir='ltr'>ἀλλὰ</span> <span class='ocrx_word' id='word_1_156' title='bbox 547 2529 589 2612; x_wconf 79' lang='grc' dir='ltr'>μὴ</span> <span class='ocrx_word' id='word_1_157' title='bbox 618 2526 777 2612; x_wconf 89' lang='grc' dir='ltr'>δονόιμενος</span> <span class='ocrx_word' id='word_1_158' title='bbox 804 2525 845 2588; x_wconf 82' lang='grc' dir='ltr'>ἔτι</span> <span class='ocrx_word' id='word_1_159' title='bbox 867 2521 1046 2611; x_wconf 63' lang='grc' dir='ltr'>εὐδαιμονεῖν</span> <span class='ocrx_word' id='word_1_160' title='bbox 1069 2523 1295 2609; x_wconf 77' lang='grc' dir='ltr'>ἀπαλλάττομαι</span> <span class='ocrx_word' id='word_1_161' title='bbox 1321 2528 1413 2600; x_wconf 84' lang='grc'>11,9</span> 
     </span>
     <span class='ocr_line' id='line_1_19' title="bbox 343 2628 1414 2718; baseline -0.001 -24"><span class='ocrx_word' id='word_1_162' title='bbox 343 2629 445 2696; x_wconf 81' lang='grc' dir='ltr'>ἑαυτὸν</span> <span class='ocrx_word' id='word_1_163' title='bbox 469 2632 501 2695; x_wconf 81' lang='grc' dir='ltr'>δὲ</span> <span class='ocrx_word' id='word_1_164' title='bbox 524 2629 669 2706; x_wconf 56' lang='lat' dir='ltr'>{intuitur</span> <span class='ocrx_word' id='word_1_165' title='bbox 693 2629 726 2695; x_wconf 78' lang='lat' dir='ltr'>cd</span> <span class='ocrx_word' id='word_1_166' title='bbox 751 2633 833 2696; x_wconf 78' lang='grc' dir='ltr'>δοκεῖ</span> <span class='ocrx_word' id='word_1_167' title='bbox 854 2629 925 2698; x_wconf 83' lang='grc' dir='ltr'>εἶναι</span> <span class='ocrx_word' id='word_1_168' title='bbox 946 2633 1088 2718; x_wconf 80' lang='grc' dir='ltr'>πολέμιος</span> <span class='ocrx_word' id='word_1_169' title='bbox 1112 2635 1164 2714; x_wconf 94' lang='grc'>26,</span> <span class='ocrx_word' id='word_1_170' title='bbox 1183 2636 1201 2695; x_wconf 98' lang='grc'>2</span> <span class='ocrx_word' id='word_1_171' title='bbox 1226 2628 1340 2716; x_wconf 84' lang='grc' dir='ltr'>ὁμοίως</span> <span class='ocrx_word' id='word_1_172' title='bbox 1360 2635 1414 2716; x_wconf 70' lang='grc' dir='ltr'>γὰρ</span> 
     </span>
     <span class='ocr_line' id='line_1_20' title="bbox 342 2737 1412 2827; baseline 0 -26"><span class='ocrx_word' id='word_1_173' title='bbox 342 2747 454 2803; x_wconf 87' lang='grc' dir='ltr'>σπανιεῖ</span> <span class='ocrx_word' id='word_1_174' title='bbox 475 2749 586 2827; x_wconf 76' lang='grc' dir='ltr'>τροφῆς</span> <span class='ocrx_word' id='word_1_175' title='bbox 613 2743 664 2803; x_wconf 77' lang='grc' dir='ltr'>καὶ</span> <span class='ocrx_word' id='word_1_176' title='bbox 690 2738 768 2824; x_wconf 82' lang='grc' dir='ltr'>ἔχων</span> <span class='ocrx_word' id='word_1_177' title='bbox 792 2741 898 2827; x_wconf 85' lang='grc' dir='ltr'>ταότην</span> <span class='ocrx_word' id='word_1_178' title='bbox 925 2741 976 2803; x_wconf 84' lang='grc' dir='ltr'>καὶ</span> <span class='ocrx_word' id='word_1_179' title='bbox 999 2742 1041 2826; x_wconf 85' lang='grc' dir='ltr'>μὴ</span> <span class='ocrx_word' id='word_1_180' title='bbox 1069 2737 1147 2826; x_wconf 82' lang='grc' dir='ltr'>ἔχων</span> <span class='ocrx_word' id='word_1_181' title='bbox 1176 2742 1264 2818; x_wconf 83' lang='grc'>27,9</span> <span class='ocrx_word' id='word_1_182' title='bbox 1295 2759 1345 2821; x_wconf 88' lang='lat' dir='ltr'>sq.</span> <span class='ocrx_word' id='word_1_183' title='bbox 1372 2741 1412 2824; x_wconf 77' lang='grc' dir='ltr'>μὴ</span> 
     </span>
     <span class='ocr_line' id='line_1_21' title="bbox 341 2842 1480 2940; baseline 0.001 -32"><span class='ocrx_word' id='word_1_184' title='bbox 341 2842 501 2929; x_wconf 77' lang='grc' dir='ltr'>εόαρεστῶν</span> <span class='ocrx_word' id='word_1_185' title='bbox 533 2857 596 2917; x_wconf 85' lang='grc' dir='ltr'>πῶς</span> <span class='ocrx_word' id='word_1_186' title='bbox 627 2842 662 2911; x_wconf 87' lang='grc' dir='ltr'>ἂν</span> <span class='ocrx_word' id='word_1_187' title='bbox 691 2844 736 2933; x_wconf 80' lang='grc' dir='ltr'>εἴη</span> <span class='ocrx_word' id='word_1_188' title='bbox 767 2842 927 2932; x_wconf 76' lang='grc' dir='ltr'>εόδαὶμων;</span> <span class='ocrx_word' id='word_1_189' title='bbox 957 2848 1011 2927; x_wconf 87' lang='grc'>43,</span> <span class='ocrx_word' id='word_1_190' title='bbox 1028 2849 1059 2924; x_wconf 88' lang='grc'>4,</span> <span class='ocrx_word' id='word_1_191' title='bbox 1089 2845 1128 2914; x_wconf 89' lang='lat' dir='ltr'>cf.</span> <span class='ocrx_word' id='word_1_192' title='bbox 1153 2846 1250 2911; x_wconf 88' lang='lat' dir='ltr'>etiam</span> <span class='ocrx_word' id='word_1_193' title='bbox 1279 2848 1335 2928; x_wconf 90' lang='grc'>43,</span> <span class='ocrx_word' id='word_1_194' title='bbox 1363 2851 1411 2912; x_wconf 89' lang='grc'>13.</span> <span class='ocrx_word' id='word_1_195' title='bbox 1479 2895 1480 2940; x_wconf 48' lang='grc'>,</span> 
     </span>
    </p>
   </div>
   <div class='ocr_carea' id='block_1_4' title="bbox 338 2948 1480 4427">
    <p class='ocr_par' dir='ltr' id='par_1_7' title="bbox 340 2948 1480 3144">
     <span class='ocr_line' id='line_1_22' title="bbox 340 2948 1480 3041; baseline 0.003 -26"><span class='ocrx_word' id='word_1_196' title='bbox 340 2952 417 3017; x_wconf 89' lang='lat' dir='ltr'>item</span> <span class='ocrx_word' id='word_1_197' title='bbox 449 2955 539 3033; x_wconf 90' lang='grc'>44,7</span> <span class='ocrx_word' id='word_1_198' title='bbox 573 2948 631 3038; x_wconf 72' lang='grc' dir='ltr'>οὐχ</span> <span class='ocrx_word' id='word_1_199' title='bbox 661 2950 703 3025; x_wconf 84' lang='grc' dir='ltr'>ὡς</span> <span class='ocrx_word' id='word_1_200' title='bbox 732 2951 767 3019; x_wconf 87' lang='grc' dir='ltr'>ἂν</span> <span class='ocrx_word' id='word_1_201' title='bbox 795 2949 917 3040; x_wconf 79' lang='grc' dir='ltr'>Ἀττικὴ</span> <span class='ocrx_word' id='word_1_202' title='bbox 944 2957 1015 3041; x_wconf 69' lang='grc' dir='ltr'>γονὴ</span> <span class='ocrx_word' id='word_1_203' title='bbox 1043 2951 1199 3017; x_wconf 80' lang='grc' dir='ltr'>ἀνιοόσασα</span> <span class='ocrx_word' id='word_1_204' title='bbox 1226 2959 1411 3039; x_wconf 81' lang='grc' dir='ltr'>σεσωσμένον</span> <span class='ocrx_word' id='word_1_205' title='bbox 1479 2959 1480 3010; x_wconf 70' lang='lat' dir='ltr'>t</span> 
     </span>
     <span class='ocr_line' id='line_1_23' title="bbox 340 3056 532 3144; baseline 0.021 -23"><span class='ocrx_word' id='word_1_206' title='bbox 340 3056 464 3144; x_wconf 76' lang='grc' dir='ltr'>ἔγραψεν</span> <span class='ocrx_word' id='word_1_207' title='bbox 487 3057 532 3125; x_wconf 84' lang='grc' dir='ltr'>ἄν.</span> 
     </span>
    </p>

    <p class='ocr_par' dir='ltr' id='par_1_8' title="bbox 338 3165 1409 3994">
     <span class='ocr_line' id='line_1_24' title="bbox 408 3165 1409 3251; baseline 0.002 -21"><span class='ocrx_word' id='word_1_208' title='bbox 408 3165 518 3231; x_wconf 87' lang='lat' dir='ltr'>addito</span> <span class='ocrx_word' id='word_1_209' title='bbox 550 3167 719 3251; x_wconf 89' lang='lat' dir='ltr'>participio</span> <span class='ocrx_word' id='word_1_210' title='bbox 755 3189 851 3232; x_wconf 89' lang='lat' dir='ltr'>causa</span> <span class='ocrx_word' id='word_1_211' title='bbox 884 3168 1058 3233; x_wconf 87' lang='lat' dir='ltr'>denotatur</span> <span class='ocrx_word' id='word_1_212' title='bbox 1091 3168 1291 3251; x_wconf 89' lang='lat' dir='ltr'>saepissime,</span> <span class='ocrx_word' id='word_1_213' title='bbox 1324 3169 1409 3233; x_wconf 85' lang='lat' dir='ltr'>velut</span> 
     </span>
     <span class='ocr_line' id='line_1_25' title="bbox 342 3270 1409 3360; baseline 0.001 -26"><span class='ocrx_word' id='word_1_214' title='bbox 342 3274 453 3352; x_wconf 88' lang='grc'>25,14</span> <span class='ocrx_word' id='word_1_215' title='bbox 477 3270 629 3358; x_wconf 78' lang='grc' dir='ltr'>ἐπιθυμῶν</span> <span class='ocrx_word' id='word_1_216' title='bbox 652 3276 855 3357; x_wconf 79' lang='grc' dir='ltr'>στραγγεόεται</span> <span class='ocrx_word' id='word_1_217' title='bbox 881 3277 991 3354; x_wconf 91' lang='grc'>27,15</span> <span class='ocrx_word' id='word_1_218' title='bbox 1016 3271 1067 3345; x_wconf 82' lang='grc' dir='ltr'>οδς</span> <span class='ocrx_word' id='word_1_219' title='bbox 1090 3273 1122 3336; x_wconf 88' lang='grc' dir='ltr'>δὲ</span> <span class='ocrx_word' id='word_1_220' title='bbox 1137 3278 1226 3359; x_wconf 92' lang='grc' dir='ltr'>μόνον</span> <span class='ocrx_word' id='word_1_221' title='bbox 1241 3277 1409 3360; x_wconf 65' lang='grc' dir='ltr'>κεκτῆσθαι</span> 
     </span>
     <span class='ocr_line' id='line_1_26' title="bbox 340 3374 1407 3466; baseline 0.004 -26"><span class='ocrx_word' id='word_1_222' title='bbox 340 3374 404 3441; x_wconf 77' lang='grc' dir='ltr'>οὔτε</span> <span class='ocrx_word' id='word_1_223' title='bbox 428 3375 541 3452; x_wconf 82' lang='grc' dir='ltr'>ἑαοτοῖς</span> <span class='ocrx_word' id='word_1_224' title='bbox 564 3385 753 3466; x_wconf 79' lang='grc' dir='ltr'>προϊεμένους</span> <span class='ocrx_word' id='word_1_225' title='bbox 776 3377 840 3444; x_wconf 76' lang='grc' dir='ltr'>οὔτε</span> <span class='ocrx_word' id='word_1_226' title='bbox 862 3379 966 3451; x_wconf 80' lang='grc' dir='ltr'>ἄλλοις</span> <span class='ocrx_word' id='word_1_227' title='bbox 989 3380 1197 3466; x_wconf 85' lang='grc' dir='ltr'>μεταδιδόντας</span> <span class='ocrx_word' id='word_1_228' title='bbox 1220 3383 1275 3462; x_wconf 90' lang='grc'>41,</span> <span class='ocrx_word' id='word_1_229' title='bbox 1300 3385 1339 3444; x_wconf 88' lang='grc'>10</span> <span class='ocrx_word' id='word_1_230' title='bbox 1370 3378 1407 3450; x_wconf 84' lang='grc' dir='ltr'>εἰς</span> 
     </span>
     <span class='ocr_line' id='line_1_27' title="bbox 340 3482 1406 3574; baseline 0.009 -27"><span class='ocrx_word' id='word_1_231' title='bbox 340 3487 375 3547; x_wconf 87' lang='grc' dir='ltr'>τὰ</span> <span class='ocrx_word' id='word_1_232' title='bbox 398 3482 477 3548; x_wconf 83' lang='grc' dir='ltr'>όπλα</span> <span class='ocrx_word' id='word_1_233' title='bbox 500 3485 666 3574; x_wconf 84' lang='grc' dir='ltr'>ἀναχωρεῐς</span> <span class='ocrx_word' id='word_1_234' title='bbox 688 3487 774 3573; x_wconf 84' lang='grc' dir='ltr'>ψιλὸς</span> <span class='ocrx_word' id='word_1_235' title='bbox 797 3485 846 3565; x_wconf 79' lang='grc' dir='ltr'>ὥν,</span> <span class='ocrx_word' id='word_1_236' title='bbox 871 3488 912 3554; x_wconf 86' lang='lat' dir='ltr'>al.</span> <span class='ocrx_word' id='word_1_237' title='bbox 930 3508 1046 3552; x_wconf 87' lang='lat' dir='ltr'>causae</span> <span class='ocrx_word' id='word_1_238' title='bbox 1061 3488 1153 3552; x_wconf 93' lang='lat' dir='ltr'>notio</span> <span class='ocrx_word' id='word_1_239' title='bbox 1169 3488 1348 3553; x_wconf 86' lang='lat' dir='ltr'>intenditur</span> <span class='ocrx_word' id='word_1_240' title='bbox 1368 3487 1406 3558; x_wconf 76' lang='grc' dir='ltr'>ὡς</span> 
     </span>
     <span class='ocr_line' id='line_1_28' title="bbox 339 3591 1405 3680; baseline 0.001 -24"><span class='ocrx_word' id='word_1_241' title='bbox 339 3591 497 3674; x_wconf 86' lang='lat' dir='ltr'>particula</span> <span class='ocrx_word' id='word_1_242' title='bbox 520 3593 690 3676; x_wconf 85' lang='lat' dir='ltr'>participio</span> <span class='ocrx_word' id='word_1_243' title='bbox 704 3593 900 3676; x_wconf 89' lang='lat' dir='ltr'>praeposita</span> <span class='ocrx_word' id='word_1_244' title='bbox 923 3599 977 3677; x_wconf 90' lang='grc'>20,</span> <span class='ocrx_word' id='word_1_245' title='bbox 993 3599 1013 3657; x_wconf 87' lang='lat'>8</span> <span class='ocrx_word' id='word_1_246' title='bbox 1029 3591 1183 3678; x_wconf 83' lang='grc' dir='ltr'>Ἡρακλέα</span> <span class='ocrx_word' id='word_1_247' title='bbox 1198 3598 1252 3680; x_wconf 84' lang='grc' dir='ltr'>μὲν</span> <span class='ocrx_word' id='word_1_248' title='bbox 1268 3592 1310 3667; x_wconf 82' lang='grc' dir='ltr'>ὡς</span> <span class='ocrx_word' id='word_1_249' title='bbox 1326 3593 1405 3680; x_wconf 85' lang='grc' dir='ltr'>ἄρισ-</span> 
     </span>
     <span class='ocr_line' id='line_1_29' title="bbox 339 3697 1406 3787; baseline 0.01 -26"><span class='ocrx_word' id='word_1_250' title='bbox 339 3721 386 3763; x_wconf 89' lang='grc' dir='ltr'>τον</span> <span class='ocrx_word' id='word_1_251' title='bbox 409 3697 502 3783; x_wconf 86' lang='grc' dir='ltr'>ἄνδρα</span> <span class='ocrx_word' id='word_1_252' title='bbox 524 3704 663 3780; x_wconf 74' lang='grc' dir='ltr'>γεγονότα</span> <span class='ocrx_word' id='word_1_253' title='bbox 686 3697 857 3787; x_wconf 77' lang='grc' dir='ltr'>ἐπαινοῦμεν</span> <span class='ocrx_word' id='word_1_254' title='bbox 881 3699 937 3785; x_wconf 84' lang='lat' dir='ltr'>(cf.</span> <span class='ocrx_word' id='word_1_255' title='bbox 954 3704 1006 3783; x_wconf 88' lang='grc'>44,</span> <span class='ocrx_word' id='word_1_256' title='bbox 1021 3702 1054 3785; x_wconf 91' lang='grc'>4)</span> <span class='ocrx_word' id='word_1_257' title='bbox 1078 3705 1186 3783; x_wconf 86' lang='lat'><strong>47,17</strong></span> <span class='ocrx_word' id='word_1_258' title='bbox 1213 3698 1350 3782; x_wconf 67' lang='grc' dir='ltr'>ἔριαλεῐν</span> <span class='ocrx_word' id='word_1_259' title='bbox 1368 3700 1406 3772; x_wconf 72' lang='grc' dir='ltr'>ὡς</span> 
     </span>
     <span class='ocr_line' id='line_1_30' title="bbox 339 3802 1404 3891; baseline 0.005 -24"><span class='ocrx_word' id='word_1_260' title='bbox 339 3802 531 3891; x_wconf 86' lang='grc' dir='ltr'>ἁμαρτάνοντι</span> <span class='ocrx_word' id='word_1_261' title='bbox 561 3804 685 3890; x_wconf 83' lang='lat' dir='ltr'>Krueg.</span> <span class='ocrx_word' id='word_1_262' title='bbox 711 3811 763 3891; x_wconf 87' lang='lat'>56,</span> <span class='ocrx_word' id='word_1_263' title='bbox 790 3811 840 3891; x_wconf 93' lang='grc'>12,</span> <span class='ocrx_word' id='word_1_264' title='bbox 866 3812 895 3876; x_wconf 93' lang='grc'>2.</span> <span class='ocrx_word' id='word_1_265' title='bbox 931 3805 982 3871; x_wconf 82' lang='grc' dir='ltr'>ἅτε</span> <span class='ocrx_word' id='word_1_266' title='bbox 1014 3808 1174 3890; x_wconf 89' lang='lat' dir='ltr'>particula</span> <span class='ocrx_word' id='word_1_267' title='bbox 1206 3809 1239 3874; x_wconf 92' lang='lat' dir='ltr'>in</span> <span class='ocrx_word' id='word_1_268' title='bbox 1270 3810 1404 3876; x_wconf 79' lang='lat' dir='ltr'>Teletcis</span> 
     </span>
     <span class='ocr_line' id='line_1_31' title="bbox 338 3913 596 3994; baseline 0.004 -18"><span class='ocrx_word' id='word_1_269' title='bbox 338 3933 402 3977; x_wconf 93' lang='lat' dir='ltr'>non</span> <span class='ocrx_word' id='word_1_270' title='bbox 425 3913 596 3994; x_wconf 87' lang='lat' dir='ltr'>reperitur.</span> 
     </span>
    </p>

    <p class='ocr_par' dir='ltr' id='par_1_9' title="bbox 338 4022 1402 4427">
     <span class='ocr_line' id='line_1_32' title="bbox 405 4022 1402 4110; baseline 0.003 -25"><span class='ocrx_word' id='word_1_271' title='bbox 405 4022 435 4085; x_wconf 84' lang='lat' dir='ltr'>vi</span> <span class='ocrx_word' id='word_1_272' title='bbox 469 4023 653 4089; x_wconf 86' lang='lat' dir='ltr'>concessiva</span> <span class='ocrx_word' id='word_1_273' title='bbox 692 4023 863 4089; x_wconf 85' lang='lat' dir='ltr'>adhibetur</span> <span class='ocrx_word' id='word_1_274' title='bbox 897 4025 1099 4108; x_wconf 87' lang='lat' dir='ltr'>participium</span> <span class='ocrx_word' id='word_1_275' title='bbox 1132 4026 1166 4089; x_wconf 93' lang='lat' dir='ltr'>in</span> <span class='ocrx_word' id='word_1_276' title='bbox 1200 4025 1250 4091; x_wconf 92' lang='lat' dir='ltr'>his</span> <span class='ocrx_word' id='word_1_277' title='bbox 1286 4030 1339 4110; x_wconf 90' lang='grc'>36,</span> <span class='ocrx_word' id='word_1_278' title='bbox 1367 4029 1402 4090; x_wconf 79' lang='lat' dir='ltr'>lo</span> 
     </span>
     <span class='ocr_line' id='line_1_33' title="bbox 338 4125 1401 4220; baseline 0.004 -30"><span class='ocrx_word' id='word_1_279' title='bbox 338 4125 520 4216; x_wconf 82' lang='grc' dir='ltr'>Ἀριστείδης</span> <span class='ocrx_word' id='word_1_280' title='bbox 543 4135 733 4216; x_wconf 87' lang='grc' dir='ltr'>πτωχότατος</span> <span class='ocrx_word' id='word_1_281' title='bbox 760 4129 799 4197; x_wconf 86' lang='grc' dir='ltr'>ὢν</span> <span class='ocrx_word' id='word_1_282' title='bbox 822 4136 935 4198; x_wconf 82' lang='grc' dir='ltr'>πάντων</span> <span class='ocrx_word' id='word_1_283' title='bbox 959 4129 1131 4220; x_wconf 80' lang='grc' dir='ltr'>Ἀθηναίων</span> <span class='ocrx_word' id='word_1_284' title='bbox 1160 4129 1347 4219; x_wconf 81' lang='grc' dir='ltr'>ἐντιμότατος</span> <span class='ocrx_word' id='word_1_285' title='bbox 1371 4129 1401 4216; x_wconf 77' lang='grc' dir='ltr'>ἠν</span> 
     </span>
     <span class='ocr_line' id='line_1_34' title="bbox 340 4235 1402 4326; baseline 0.004 -28"><span class='ocrx_word' id='word_1_286' title='bbox 340 4239 391 4319; x_wconf 88' lang='grc'>36,</span> <span class='ocrx_word' id='word_1_287' title='bbox 411 4239 451 4299; x_wconf 87' lang='grc'>13</span> <span class='ocrx_word' id='word_1_288' title='bbox 475 4257 521 4320; x_wconf 90' lang='lat' dir='ltr'>sq.</span> <span class='ocrx_word' id='word_1_289' title='bbox 541 4241 593 4320; x_wconf 94' lang='grc'>37,</span> <span class='ocrx_word' id='word_1_290' title='bbox 613 4243 630 4301; x_wconf 90' lang='grc'>7</span> <span class='ocrx_word' id='word_1_291' title='bbox 655 4239 706 4322; x_wconf 77' lang='lat' dir='ltr'>al,</span> <span class='ocrx_word' id='word_1_292' title='bbox 731 4244 867 4324; x_wconf 84' lang='lat' dir='ltr'>augetur</span> <span class='ocrx_word' id='word_1_293' title='bbox 890 4241 979 4306; x_wconf 90' lang='lat' dir='ltr'>notio</span> <span class='ocrx_word' id='word_1_294' title='bbox 1004 4239 1116 4305; x_wconf 89' lang='lat' dir='ltr'>addita</span> <span class='ocrx_word' id='word_1_295' title='bbox 1139 4235 1224 4326; x_wconf 76' lang='grc' dir='ltr'>ὅμως</span> <span class='ocrx_word' id='word_1_296' title='bbox 1251 4239 1402 4323; x_wconf 78' lang='lat' dir='ltr'>particulo</span> 
     </span>
     <span class='ocr_line' id='line_1_35' title="bbox 338 4343 1399 4427; baseline 0.006 -21"><span class='ocrx_word' id='word_1_297' title='bbox 338 4349 373 4408; x_wconf 92' lang='lat' dir='ltr'>ut</span> <span class='ocrx_word' id='word_1_298' title='bbox 393 4347 504 4409; x_wconf 88' lang='lat' dir='ltr'>tamen</span> <span class='ocrx_word' id='word_1_299' title='bbox 527 4343 559 4408; x_wconf 93' lang='lat' dir='ltr'>in</span> <span class='ocrx_word' id='word_1_300' title='bbox 582 4347 734 4427; x_wconf 86' lang='lat' dir='ltr'>proximis</span> <span class='ocrx_word' id='word_1_301' title='bbox 749 4369 815 4412; x_wconf 91' lang='lat' dir='ltr'>non</span> <span class='ocrx_word' id='word_1_302' title='bbox 839 4348 905 4413; x_wconf 89' lang='lat' dir='ltr'>sine</span> <span class='ocrx_word' id='word_1_303' title='bbox 922 4347 1076 4412; x_wconf 88' lang='lat' dir='ltr'>sermonis</span> <span class='ocrx_word' id='word_1_304' title='bbox 1092 4344 1293 4412; x_wconf 86' lang='lat' dir='ltr'>abundantia</span> <span class='ocrx_word' id='word_1_305' title='bbox 1313 4348 1399 4413; x_wconf 85' lang='lat' dir='ltr'>etiam</span> 
     </span>
    </p>
   </div>
   <div class='ocr_carea' id='block_1_5' title="bbox 0 0 1502 5086">
    <p class='ocr_par' dir='ltr' id='par_1_10' title="bbox 0 0 1502 5086">
     <span class='ocr_line' id='line_1_36' title="bbox 0 0 1502 5086; baseline 0 4"><span class='ocrx_word' id='word_1_306' title='bbox 0 0 1502 5086; x_wconf 95' lang='lat' dir='ltr'> </span> 
     </span>
    </p>
   </div>
  </div>
 </body>
</html>
