2996 5086
540 627 760 688 -51-,

121 819 219 886 habet
242 828 357 887 auctor
380 820 520 886 Aniochi
547 821 580 886 in
608 820 679 886 loco
706 819 862 886 consimili
884 843 915 904 p.
942 824 1005 883 366
1031 817 1060 883 F}
1083 819 1191 882 παιδα-

120 932 209 1010 γωγοί
231 932 283 993 καὶ
305 932 569 1015 γραμματισταί
592 931 643 992 καί
661 928 851 1012 παιδοτρίβαι.
881 926 938 992 sed
954 925 993 991 cf.
1012 926 1098 994 Plut.
1116 925 1189 992 Alc.

121 1055 148 1100 ο.
167 1041 185 1099 7
210 1035 410 1120 Hermippus
432 1034 557 1101 Laertii
579 1034 617 1099 X
642 1039 661 1099 2
684 1034 825 1120 Hesych.
843 1055 867 1102 s.
884 1039 1116 1121 γραμματιστής.

188 1142 394 1228 δευτερολόγος
418 1147 450 1208 et
472 1141 660 1227 πρυτολόγος
684 1143 729 1228 (3,
744 1146 773 1206 5.
792 1143 826 1229 7)
849 1163 908 1225 pro
927 1142 1189 1228 δευτεραγωνιστής

121 1257 154 1316 et
168 1257 421 1338 πρωταγωνιστής,
446 1251 473 1315 si
486 1250 594 1316 lexicis
618 1249 715 1316 fidere
738 1250 823 1331 licet,
848 1248 924 1316 alibi
939 1271 1004 1315 uon
1026 1249 1185 1332 leguntur.

187 1357 389 1434 δυσελπιστία,
414 1358 501 1441 quod
524 1357 611 1440 apud
633 1359 758 1441 priores
781 1379 847 1423 non
870 1357 1012 1440 repperi,
1036 1377 1076 1420 ne
1103 1355 1189 1438 apud

121 1463 266 1531 Telctem
296 1466 424 1549 quidem
452 1466 570 1548 legitur
596 1465 657 1530 nisi
684 1487 754 1530 cum
787 1463 978 1548 ἀνελευθερία
1008 1485 1086 1528 voce
1118 1467 1188 1528 arte

120 1573 340 1637 coniunctum:
374 1570 454 1637 ἐνίων
485 1569 505 1658 ἡ
538 1571 730 1656 ἀνελευθερία
759 1575 810 1635 καὶ
840 1572 1024 1635 δυσελπιστία
1055 1574 1108 1652 25,
1135 1574 1186 1635 10.

122 1683 175 1760 28,
197 1683 227 1743 2.
263 1679 303 1744 cf.
327 1679 440 1763 Polyb.
462 1678 482 1742 Ι
507 1682 558 1759 71,
583 1683 603 1742 2
626 1676 656 1744 ἐν
680 1680 795 1765 μεγάλη
827 1678 976 1764 δυσθυμία
1003 1681 1054 1740 καὶ
1082 1677 1187 1740 δυσελ-

118 1790 216 1868 πιστία
239 1785 328 1868 Ι39,
352 1788 394 1850 14
415 1789 468 1872 την
491 1782 520 1849 ἐν
542 1795 603 1856 τοῖς
630 1789 757 1858 πεζικοῖς
785 1784 991 1868 στρατοπέδοις
1015 1787 1114 1848 πτοίαν
1138 1787 1189 1846 καί

119 1893 330 1957 δυσελπιστίαν.
370 1896 511 1958 ceterum
538 1890 632 1957 Teles
660 1897 799 1975 utroque
825 1891 896 1956 loco
924 1911 1018 1956 voces
1042 1891 1112 1955 illas
1132 1890 1187 1956 ad-

119 1997 208 2064 hibet
231 2020 296 2064 non
320 1998 386 2064 sine
409 1998 665 2083 prosopopoeiae
688 1999 807 2082 vigore.

187 2107 346 2190 δυστροπία
369 2106 466 2172 semel
488 2105 606 2189 legitur
628 2109 658 2188 5,
672 2109 705 2169 9;
730 2109 783 2192 τὴν
805 2103 916 2170 ἑαυτῶν
940 2105 1114 2188 δυστροπίαν
1137 2105 1188 2165 καὶ

118 2213 360 2299 κακοδαιμονίαν.
385 2217 472 2278 amat
488 2212 582 2278 Peles
599 2211 799 2277 substantiva
813 2232 872 2295 per
884 2210 1086 2276 -lniormata
1110 2208 1186 2291 legi-

117 2324 172 2383 tur
200 2320 363 2406 δίιστροπος
388 2320 469 2384 Eur.
492 2319 592 2402 Hipp.
617 2322 659 2383 61
683 2318 853 2385 Demosth.
877 2319 959 2382 Phil.
982 2317 1018 2380 Il
1043 2322 1100 2399 30,
1131 2316 1188 2382 sed

118 2426 278 2512 δυστροπία
300 2447 365 2492 non
387 2426 512 2493 videtur
527 2447 693 2492 recurrere
716 2427 777 2490 nisi
800 2426 887 2509 apud
911 2425 1073 2508 sequiores
1091 2423 1186 2510 (Poll.

118 2532 173 2596 ΠΙ
201 2536 263 2596 132
279 2532 312 2601 V
330 2537 391 2597 119
416 2532 557 2618 Hesych.
575 2554 600 2600 s.
617 2534 831 2620 σχετλιασμοί).

6 2713 7 2720 ρ
187 2636 339 2724 εἰκόσορος
368 2637 470 2706 ‘navis
499 2639 611 2723 viginti
638 2641 733 2706 remis
756 2635 926 2705 instructa’
954 2638 1071 2722 legitur
1097 2641 1185 2718 19,7

6 2731 7 2736 ¹
113 2746 150 2812 in
174 2745 248 2812 loco
271 2746 407 2812 Bioneo.
439 2751 550 2812 notum
574 2751 623 2812 est
644 2745 855 2812 Homericum
880 2769 889 2809 ι
913 2750 976 2810 322
1001 2748 1071 2832 νηὸς
1094 2741 1187 2808 ἐεικο-

118 2856 228 2938 σόροιο.
260 2854 362 2918 utitur
377 2853 439 2919 hac
460 2874 540 2918 voce
557 2853 651 2918 etiam
668 2852 875 2920 Nicostratus
900 2852 1039 2919 comicus
1062 2849 1184 2915 Athen.

117 2958 176 3022 XI
198 2981 231 3042 p.
247 2958 346 3025 474h
370 2960 467 3046 (com.
483 2960 541 3024 ΙΠ
561 2981 594 3043 p.
612 2964 676 3030 282
700 2958 826 3048 Mein).

186 3062 308 3154 ἐπαίτης
336 3063 526 3132 ‘mendicus’
557 3069 650 3148 9,13
682 3065 787 3154 ἄτομοι
815 3070 962 3153 γενόμενοι
991 3067 1042 3130 καί
1071 3061 1186 3128 ἐπαῐται

115 3172 253 3238 labentis
269 3179 318 3239 est
334 3173 529 3257 graecitatis,
551 3172 638 3238 Plut.
654 3173 761 3257 Epict.
779 3172 883 3238 Cassii
898 3172 1024 3254 Dionis,
1041 3170 1082 3236 cf.
1101 3192 1182 3253 quae

118 3279 285 3346 adnotavit
299 3280 412 3346 Hense
431 3281 452 3348 l.
470 3302 497 3346 c.
530 3280 573 3345 ad
588 3279 792 3346 Theodorum
814 3281 1059 3364 epitomatorem
1075 3299 1185 3344 vocem

116 3386 245 3452 rettulit
267 3386 367 3453 Diels.

186 3492 310 3583 ἐπιβολη
336 3497 444 3576 31,11
470 3491 629 3580 ἐπιθυμίας
651 3498 703 3558 καί
725 3491 865 3578 ἐπιβολὰς
887 3495 1031 3558 τοσοίιτων
1053 3496 1105 3557 καί
1127 3515 1186 3557 τοι-

118 3604 210 3666 οίιτων
240 3601 317 3688 ἐχει;
346 3603 428 3667 sicut
456 3601 542 3685 apud
564 3600 679 3686 Polyb.
701 3602 720 3666 I
745 3603 775 3683 3,
799 3606 818 3665 6
847 3603 921 3684 πρὸς
943 3604 995 3686 την
1025 3610 1079 3664 τῶν
1108 3597 1186 3664 ὅλων

117 3706 257 3795 ἐπιβολήν
283 3714 315 3774 et
342 3708 429 3792 apud
444 3709 655 3791 posteriores,
681 3729 753 3772 cum
777 3707 862 3790 apud
885 3705 1105 3791 Thucydidem
1124 3703 1186 3770 ἐπι-

117 3817 194 3902 βολη
210 3814 366 3898 significet
388 3811 528 3880 ‘initium
542 3816 589 3880 rei
606 3811 758 3897 agcndae'
774 3818 826 3900 την
842 3811 980 3900 ἐπιβολὴν
996 3810 1186 3901 ἐκμρυντίζυν

118 3921 173 3985 ΙΙΙ
197 3924 250 4002 45,
270 3925 306 4004 5,
335 3921 424 4004 quod
450 3921 483 3985 in
511 3918 666 4008 ἐπιβουλήν
696 3919 894 3985 aOlasseno
922 3919 1043 3984 frustra
1069 3919 1187 3984 mutari

117 4033 207 4094 recte
230 4034 342 4095 monet
364 4026 466 4094 Stahl.

186 4132 363 4223 εὐκλήρημα
388 4138 439 4218 18,
456 4138 512 4217 153
535 4132 892 4200 cf.Autiatt.Behke1i
914 4156 945 4217 p.
965 4136 1016 4216 75,
1030 4136 1070 4196 27
1090 4130 1187 4218 ἀκλη-

119 4246 196 4325 play:
225 4238 402 4331 Ἀντιφάνης
432 4238 581 4308 Ἀδώνιδι.
629 4239 645 4305 ὁ
677 4238 767 4311 αὐτὸς
797 4237 974 4326 εὐκλήρημα
1007 4240 1066 4325 (sio
1098 4244 1186 4304 recte

120 4349 349 4432 Koppiersius,
379 4346 559 4438 είκληρυμα
590 4348 677 4433 cod.)
707 4346 768 4411 ἀντὶ
797 4356 847 4412 του
871 4349 1064 4432 κατόρθωμα.
1099 4345 1187 4429 quod

972 4468 1009 4522 40
