2996 5086
766 589 982 649 ..2ss-

408 775 613 841 cumulantur
639 777 783 861 perfecta
810 777 974 843 enuntiato
1002 777 1065 843 hoc
1093 781 1198 861 17,15
1223 775 1278 842 οὐκ
1308 777 1414 866 ἀηδῶς

340 879 508 970 Φιλήμων·
543 880 740 970 ἠγωνισμένου
778 889 834 968 γάρ
872 906 942 949 ποτε
979 881 1069 948 αὐτοῦ
1107 888 1158 948 καὶ
1195 883 1415 972 άπηλλαχότος

341 987 467 1061 ἀστείως
498 996 690 1063 αυναντωντές
717 1014 791 1064 τινες
813 989 864 1063 ‘irc
887 989 1084 1080 εόημέρηιιας’
1106 991 1220 1080 ἔφασαν
1243 989 1413 1080 (Φιλημονῖ

339 1092 430 1182 θμεῖς
454 1100 507 1183 μὲν
531 1093 589 1161 οὖν’
612 1103 699 1186 φησίν
722 1095 830 1163 (οἴεσθε
861 1095 937 1163 οθτω
967 1102 1156 1185 τεθεαμένοι·
1181 1097 1239 1180 ἐγὼ
1269 1103 1323 1186 μὲν
1352 1103 1413 1184 γὰρ

339 1200 385 1266 ἀεὶ
405 1200 523 1284 ἀγαθός
543 1202 583 1268 ὢν
604 1203 746 1268 διατελω’.
785 1205 842 1271 sed
864 1211 1046 1289 temporum
1069 1205 1268 1272 differentiae
1290 1205 1413 1290 ubique

340 1308 551 1376 observantur
574 1332 614 1376 ox
635 1333 723 1378 more
744 1311 939 1396 Atticorum,
964 1313 1051 1380 velut
1073 1314 1169 1380 etiam
1192 1314 1234 1400 iu¹
1248 1313 1296 1380 his
1323 1317 1412 1397 37,4

338 1413 358 1502 ἢ
381 1417 468 1481 πάλιν
490 1416 665 1504 Λυσάνδρου
688 1428 739 1483 τοῦ
763 1418 944 1505 Σπαρτιάτου
972 1425 1014 1494 τίς
1041 1419 1221 1507 ἐντιμότερος
1248 1426 1365 1503 γέγονεν
1388 1419 1410 1506 ἢ

339 1534 428 1609 τιμῶν
444 1525 584 1592 πλειόνων
599 1523 731 1615 dictim
750 1532 801 1610 39,
817 1533 836 1592 9
852 1534 1031 1617 παρηκμασε
1047 1532 1098 1593 καὶ
1112 1529 1231 1615 ἔρχεται
1246 1525 1288 1599 εἰς
1302 1539 1409 1615 γῆρας.

339 1651 496 1714 nusquam
518 1631 696 1715 perfectum
718 1634 822 1700 induit
845 1642 994 1701 naturam
1017 1636 1139 1701 aoristi.
1185 1640 1285 1718 utque
1316 1634 1408 1700 intel-

338 1736 476 1822 legatur,
501 1761 597 1824 quam
616 1741 717 1825 probe
734 1741 948 1826 distinguatur
964 1742 1076 1808 aoristi
1091 1762 1167 1807 usus
1184 1747 1216 1807 et
1230 1741 1410 1825 imperfecti

337 1844 387 1910 vel
419 1845 516 1912 etiam
545 1848 724 1930 praesentis
753 1848 898 1915 historici
927 1849 1016 1932 quod
1043 1849 1153 1914 dicunt
1176 1870 1310 1933 quamve
1334 1855 1409 1932 apte

337 1951 432 2018 Teles
455 1953 489 2018 in
512 1954 607 2020 rebus
630 1956 799 2021 narrandis
822 1957 926 2022 lucem
954 1956 1045 2040 quasi
1074 1956 1245 2022 distribuat
1275 1961 1309 2020 et
1340 1978 1407 2020 um·

336 2058 439 2142 brem,
462 2061 667 2128 huiusmodi
689 2063 753 2129 loci
765 2063 868 2128 uelim
891 2064 1073 2129 accuratius
1093 2063 1306 2147 inspiciantur
1322 2062 1409 2128 velut

339 2171 367 2248 7,
387 2171 403 2230 1
422 2164 490 2230 άλλ’
505 2166 602 2254 ὥσπερ
619 2167 767 2257 Διογένης,
791 2167 853 2234 έπεί
874 2193 918 2244 τις
940 2169 1014 2235 ὤθει
1036 2173 1088 2234 καὶ
1107 2167 1297 2257 ἐτραχήλιζεν
1313 2168 1408 2234 ἀσθε-

336 2282 393 2345 νως
416 2273 532 2360 ἔχοντα,
566 2273 600 2339 oti
624 2277 869 2364 διετραχηλίζετο,
899 2276 979 2341 ἀλλὰ
1010 2277 1107 2350 δείξας
1134 2274 1213 2360 αὐτῷ
1243 2279 1292 2340 τὸν
1321 2273 1405 2340 κίονα

335 2377 481 2465 (βέλτιστέ
512 2382 570 2470 ἔφη
593 2380 700 2448 ετοῦτον
730 2383 804 2448 ἰόθει
833 2384 991 2471 προσστάς’
1022 2384 1072 2451 vel
1098 2388 1148 2466 la,
1167 2388 1207 2448 12
1237 2387 1290 2447 καὶ
1319 2385 1406 2448 πάλιν

335 2489 551 2577 παρειληφότος
572 2487 661 2555 αὐτοῦ
678 2488 871 2579 Ἀλκιβιάδην
894 2488 939 2555 ἐπ’
963 2489 1089 2577 άριστον,
1112 2489 1154 2563 ὡς
1177 2488 1273 2577 ἐκείνη
1297 2491 1407 2576 παρελ-

335 2597 434 2659 θοῦσα
449 2598 501 2682 τὴν
511 2600 652 2682 τράπεζαν
665 2595 827 2684 ἀνέτρεψεν,
845 2595 899 2662 oda
910 2596 982 2683 ἐβόα
994 2595 1056 2662 οὐδ’
1073 2595 1205 2662 ὠδυνᾶτο
1222 2598 1406 2661 δεινοπαθῶν

335 2699 368 2766 ’ὢ
383 2713 437 2790 της
452 2708 645 2790 παρανομίας,
669 2703 745 2769 ὥστε
767 2708 859 2791 ταότη
875 2709 968 2791 (ταυτὶ
985 2706 1024 2770 ci.
1038 2705 1150 2791 Blass)
1166 2703 1313 2792 πάσχειν,
1337 2704 1404 2769 ἀλλ’

336 2806 481 2883 ἁναλέξας
493 2813 529 2875 τά
544 2816 679 2888 πεσόντα,
695 2810 869 2876 ἀποθέσθαι
884 2813 971 2877 πάλιν
984 2810 1120 2876 ἐκέλευσε
1135 2815 1183 2876 τὸν
1200 2810 1405 2898 Ἀλκιβιάδην.

338 2916 394 2981 sed
407 2916 484 2984 talia
500 2918 678 2984 exscribere
693 2918 823 3002 longum
840 2925 899 2984 est.
932 2925 1066 3004 perapte
1079 2941 1099 2985 a
1111 2919 1271 2985 sedatiore
1288 2919 1404 2984 descri-

336 3022 433 3089 bendi
454 3046 569 3109 genere
591 3027 642 3092 cui
657 3025 848 3110 imperfecta
862 3027 1039 3094 inserviunt
1054 3027 1097 3094 ad
1112 3032 1239 3110 tempus
1254 3047 1406 3111 praesens

337 3131 493 3197 transitur
514 3131 564 3199 his
582 3136 647 3218 9,1
672 3133 828 3199 κάνταῦθα
848 3133 912 3216 άγει
935 3131 1021 3200 αι’)τδν
1045 3137 1096 3198 οιαὶ
1118 3131 1160 3208 εἰς
1182 3135 1250 3206 τοὺς
1265 3137 1404 3220 θέρμους.

337 3238 424 3320 quod
447 3237 541 3306 facile
565 3241 683 3308 sentiet
706 3242 760 3325 qui
784 3241 861 3324 quid
884 3239 1011 3307 efficere
1034 3240 1169 3307 voluerit
1184 3240 1279 3307 Teles
1295 3240 1405 3306 festiva

334 3343 389 3410 illa
404 3347 589 3414 narratione
605 3349 813 3434 perspexerit.
854 3349 982 3415 omnino
1004 3354 1112 3415 autem
1134 3347 1213 3413 illud
1233 3347 1402 3414 variandae

335 3453 490 3519 orationis
511 3454 651 3520 studium
672 3457 759 3540 quod
781 3478 876 3523 curae
893 3462 964 3522 erat
979 3455 1128 3540 scriptori
1145 3456 1243 3522 etiam
1259 3454 1302 3520 ad
1317 3453 1401 3520 verbi

333 3565 481 3644 tempora
495 3562 643 3646 pertinet.
678 3563 764 3629 velut
784 3562 864 3629 haec
881 3563 908 3628 si
923 3563 1031 3647 placet
1046 3563 1130 3629 inter
1146 3584 1180 3628 se
1197 3561 1401 3628 conferantur

336 3671 387 3751 16,
404 3671 443 3732 12
468 3672 493 3732 ri
509 3669 608 3733 δὲκαὶ
624 3670 753 3759 διαφέρει
768 3668 869 3757 άρχειν
885 3668 905 3758 ἢ
920 3667 1074 3736 ἰδιωτεόειν
1093 3674 1145 3754 17,
1159 3675 1178 3735 2
1197 3674 1223 3734 τί
1239 3666 1289 3734 οὖν
1305 3669 1401 3732 διοίσει

334 3798 392 3861 μοι,
416 3772 440 3839 εἰ
462 3773 505 3863 μὴ
528 3775 608 3861 άρξω
632 3776 712 3841 ἀλλὰ
732 3774 890 3841 ὶδιωτεόσω
907 3784 940 3844 et
956 3781 1008 3861 21,
1025 3782 1064 3842 10
1088 3782 1114 3842 τί
1135 3778 1167 3841 δέ
1188 3779 1239 3840 οιαὶ
1260 3777 1401 3864 διαφέρειν

333 3880 369 3946 ἂν
393 3883 476 3956 δόξαι
500 3881 547 3948 ἐπὶ
570 3884 656 3972 ξένης
678 3895 815 3974 ταφῆναι.

401 3989 479 4057 dicit
508 3993 615 4079 φεὺγω,
649 3995 803 4080 φευγοντες
831 3991 870 4058 de
894 3991 1054 4057 exsulibus
1078 3991 1173 4057 Tales
1197 3990 1253 4078 (cf.
1277 3991 1401 4074 Krueg.

334 4101 390 4179 53,
419 4101 452 4180 l,
481 4100 513 4181 3)
538 4103 573 4181 8,
592 4102 623 4165 9.
656 4098 715 4180 45,
735 4101 769 4181 3,
801 4098 887 4164 idem
920 4103 1016 4188 φυγάς
1047 4098 1088 4164 ὢν
1123 4102 1173 4180 15,
1200 4103 1240 4163 19
1274 4099 1402 4188 φυγάδες

332 4209 479 4290 γενόμενοι
514 4201 656 4288 ‘fluchtig
689 4203 868 4289 geworden’
902 4211 960 4288 15,
993 4210 1031 4272 15
1068 4206 1205 4295 φυγάδων
1239 4211 1400 4294 γενομένων

335 4315 386 4394 15,
406 4315 433 4375 7.

9 4591 364 4770 Ρ-
