2996 5086
537 652 756 711 ...57-

14 817 15 852 ³
114 843 337 927 Plutarchum,
359 845 499 910 Dionem
515 842 789 928 Chrysostomum,
805 843 994 908 Lucianum.
1019 865 1183 927 compara·

113 952 198 1016 tirus
220 951 338 1035 legitur
361 951 447 1035 apud
470 950 573 1019 Arist.
597 951 763 1036 physiogn.
789 955 808 1013 5
833 956 917 1015 809·
942 953 993 1014 31.

182 1064 296 1142 σαπρός
323 1063 373 1142 19,
396 1063 414 1122 5
439 1062 539 1143 σαπρὰ
567 1057 626 1144 (sc.
648 1056 668 1146 ἡ
692 1055 784 1145 οἰκία)
811 1061 862 1121 καὶ
884 1054 992 1143 ῥέουσα
1014 1059 1067 1120 καὶ
1089 1078 1183 1122 κατα-

114 1170 268 1230 πίπτουσα.

183 1270 282 1360 ὑῶδνγς
302 1277 352 1355 13,
373 1277 427 1356 15;
450 1295 488 1338 ex
502 1272 735 1356 posterioribus
751 1271 959 1355 scriptoribus
974 1272 1058 1336 hane
1074 1293 1183 1337 vocem

115 1379 290 1445 admittunt
313 1379 516 1462 Plutarchus,
537 1378 684 1445 Clemens
707 1378 802 1445 Alex.
820 1379 1044 1464 compluriens.

184 1485 267 1551 Sunt
290 1486 442 1553 adverbia
464 1507 527 1552 non
551 1486 637 1552 nulla
660 1486 756 1570 digna
779 1508 860 1572 quae
883 1485 1071 1552 afferantur:

186 1592 324 1681 ἀφόρτως
350 1597 399 1676 10,
418 1599 437 1657 9
461 1599 511 1659 est
533 1595 759 1679 posteriorum.

184 1697 329 1774 ἐκπαθῶς
351 1697 546 1767 ‘immodice’
571 1705 622 1785 25,
642 1705 682 1765 13
706 1697 851 1774 ἐκπαθῶς
874 1699 1026 1765 ἀπολαυει.
1069 1699 1183 1766 horum

116 1806 262 1873 similiter
285 1807 473 1874 Athenaeus
495 1807 531 1872 X
554 1830 586 1892 p.
603 1811 668 1874 443
686 1808 707 1872 (1
729 1804 763 1872 οὗ
786 1808 845 1890 (sc.
861 1817 911 1872 τοῦ
934 1807 1027 1894 οἴνου)
1042 1808 1110 1880 τοὺς
1133 1805 1184 1872 ἐν·

116 1917 226 1987 παθῶς
248 1915 536 2000 μεταλαμβάνοντας.

184 2019 299 2095 εὐθέος
330 2022 502 2090 adhibetur
533 2023 611 2110 (non
641 2043 731 2088 secus
762 2028 859 2106 atque
888 2020 1076 2088 Atticorum
1106 2021 1183 2086 illud

115 2125 236 2216 obstac)
249 2130 281 2194 in
294 2129 444 2212 exemplis
456 2129 504 2194 vel
520 2130 716 2214 argumentis
732 2128 914 2195 adforendis
931 2150 995 2195 non
1011 2129 1072 2194 nisi
1084 2129 1182 2195 semel

120 2240 219 2319 1,15;
244 2235 372 2302 uberius
393 2235 553 2302 dicit-aior
568 2233 683 2309 εὐθέως
698 2237 810 2322 Polyb.
828 2236 880 2305 VI
904 2239 957 2320 51,
977 2240 992 2300 1
1011 2235 1086 2302 XII
1103 2240 1132 2318 5,
1151 2241 1181 2303 6.

184 2340 312 2416 abacto<
336 2348 389 2427 28,
409 2348 426 2406 7
450 2344 634 2410 adverbium
656 2365 732 2410 raro
755 2345 882 2428 legitur,
906 2343 991 2428 apud
1013 2343 1183 2430 Polybium

118 2451 216 2516 semel
238 2449 385 2519 XXVII
410 2457 440 2535 9,
458 2455 488 2535 5,
511 2450 560 2517 bis
583 2451 726 2518 inlibris
750 2451 856 2516 Marci
878 2449 1038 2517 Antonini
1050 2451 1084 2538 ¹).

185 2553 345 2641 ἀδυρτικῶς
370 2561 455 2642 10,8
474 2559 572 2624 etiam
586 2557 781 2624 Aristoteles
804 2557 856 2643 (cl.
874 2557 990 2623 Bonita
1014 2557 1079 2622 ind.
1097 2579 1122 2623 s.
1138 2556 1182 2644 v.)

119 2664 282 2748 adhibuit,
299 2687 316 2729 o
332 2665 521 2748 posterioris
538 2667 605 2732 aevi
623 2665 831 2749 scriptoribus
847 2664 958 2731 adfero
974 2664 1183 2730 Plutarchum

117 2771 211 2840 Erot.
228 2793 261 2854 p.
281 2775 342 2835 751
361 2770 406 2836 Α.

187 2875 254 2942 Sed
276 2883 514 2961 perscrutemur
536 2878 643 2947 verba.

186 2983 322 3066 ἀγεννὶζυ
352 2985 455 3069 (3,11
482 2981 539 3072 uby
562 2981 727 3051 ὑποπίπτων
751 2983 819 3049 οὐδὲ
842 2985 1009 3073 ἀγεννίζῶν)
1044 3006 1108 3051 non
1136 3007 1184 3052 re-

118 3091 215 3173 periri
239 3090 365 3155 videtur
387 3092 448 3156 nisi
476 3091 538 3159 hic.
573 3098 610 3157 ut
633 3102 764 3174 γενναῖος
787 3092 833 3157 sic
856 3091 980 3180 ἀγεννής
1002 3097 1034 3157 et
1057 3091 1185 3174 ἀγεννῶς

118 3202 193 3262 sunt
208 3195 401 3282 Cynicorum
420 3199 511 3283 quasi
526 3203 678 3265 tesserae.
703 3198 742 3264 cl.
759 3198 884 3265 Weber
907 3199 947 3264 de
962 3199 1068 3264 Dione
1084 3196 1183 3284 Ohry-

7 3341 8 3388 γ
118 3310 262 3371 sostomo
287 3303 479 3390 Cynicorum
509 3310 670 3370 sectatore
691 3328 724 3390 p.
748 3308 809 3369 137
836 3306 910 3371 adn.
928 3310 958 3370 2.
983 3304 1108 3387 ἀγεννῶς
1133 3303 1184 3370 bis

7 3409 8 3416 '
117 3410 215 3476 habet
246 3410 341 3477 Tales
373 3416 422 3493 10,
446 3416 475 3476 7.
505 3414 634 3493 43,16.
669 3410 791 3499 ἀγεννής
819 3417 950 3495 praeter
979 3412 1104 3496 priores
1134 3432 1183 3477 ex.

119 3539 164 3601 gr.
180 3516 342 3583 Arrianus
364 3519 551 3602 Epictetcus
575 3525 608 3584 et
630 3518 761 3585 Marcus
784 3518 978 3585 Antoninus.

184 3625 324 3712 ἀκληρεῖν
350 3629 401 3709 19,
420 3630 449 3695 2.
472 3629 561 3709 47,1
588 3631 637 3692 est
659 3626 881 3710 recentiorum,
906 3626 1031 3713 Polybii
1054 3632 1086 3692 et
1106 3625 1185 3692 Dio·

119 3733 190 3799 dori
206 3731 315 3814 Siculi,
332 3754 432 3817 aeque
448 3738 545 3816 atque
560 3730 720 3820 εὐκληρεῖν,
737 3733 823 3818 quod
839 3739 945 3801 exstat
961 3733 1047 3818 apud
1062 3732 1183 3800 Diodo-

119 3861 187 3904 rum
212 3837 312 3904 SicI
338 3842 410 3904 182.
448 3839 519 3904 vide
544 3861 641 3924 supra
663 3862 688 3908 s.
704 3839 876 3928 ἀκλήρημα.

184 3945 392 4034 ἀνασυραμένη
414 3949 503 4029 45,4
526 3968 620 4014 sensu
644 3945 803 4014 obscaeno
828 3946 945 4013 dicitur
967 3946 1008 4012 de
1023 3947 1183 4012 Lacaena.

190 4125 211 4193 ¹)
230 4123 387 4194 Vtrumque
405 4122 496 4179 Marci
514 4125 650 4180 Antonini
667 4126 760 4180 locum
778 4124 837 4194 (ΠΙ
854 4128 870 4180 7
885 4124 960 4181 VIII
971 4123 1018 4196 33)
1037 4123 1185 4194 temptavit

121 4212 214 4267 Nauck
240 4213 334 4282 priore
357 4212 515 4281 praeferens
538 4210 655 4277 εὔλυτος,
678 4214 765 4269 altero
792 4212 909 4276 ἀλύπως.
946 4213 995 4268 sed
1020 4211 1137 4274 εὐλύτως
1156 4211 1183 4264 δὲ

123 4299 223 4372 ἀφεῖναι
247 4301 335 4372 (VIII
356 4304 403 4368 33,
429 4302 477 4356 ubi
504 4303 566 4357 vida
594 4302 726 4357 Gatalreri
754 4302 828 4372 adn.)
856 4302 1065 4358 commendatur
1091 4302 1183 4357 verbis

122 4387 230 4446 Telctis.
261 4388 295 4445 cf.
314 4390 379 4445 Arr.
397 4390 491 4461 Epict.
511 4391 575 4447 dise.
593 4390 675 4459 IVl,
690 4391 749 4446 153.
