<?xml version="1.0" encoding="UTF-8"?>
<!DOCTYPE html PUBLIC "-//W3C//DTD XHTML 1.0 Transitional//EN"
    "http://www.w3.org/TR/xhtml1/DTD/xhtml1-transitional.dtd">
<html xmlns="http://www.w3.org/1999/xhtml" xml:lang="en" lang="en">
 <head>
  <title>
</title>
<meta http-equiv="Content-Type" content="text/html;charset=utf-8" />
  <meta name='ocr-system' content='tesseract 3.04.00' />
  <meta name='ocr-capabilities' content='ocr_page ocr_carea ocr_par ocr_line ocrx_word'/>
</head>
<body>
  <div class='ocr_page' id='page_1' title='image "./deteletiselocut01mlgoog_0076.png"; bbox 0 0 2996 5086; ppageno 0'>
   <div class='ocr_carea' id='block_1_1' title="bbox 530 656 748 726">
    <p class='ocr_par' dir='ltr' id='par_1_1' title="bbox 530 656 748 726">
     <span class='ocr_line' id='line_1_1' title="bbox 530 656 748 726; baseline 0 -16"><span class='ocrx_word' id='word_1_1' title='bbox 530 656 748 726; x_wconf 42' lang='lat' dir='ltr'>-71d</span> 
     </span>
    </p>
   </div>
   <div class='ocr_carea' id='block_1_2' title="bbox 10 856 1175 4476">
    <p class='ocr_par' dir='ltr' id='par_1_2' title="bbox 10 856 1175 1372">
     <span class='ocr_line' id='line_1_2' title="bbox 10 856 1173 968; baseline -0.003 -45"><span class='ocrx_word' id='word_1_2' title='bbox 10 877 11 968; x_wconf 64' lang='grc' dir='ltr'>μ</span> <span class='ocrx_word' id='word_1_3' title='bbox 101 857 212 942; x_wconf 83' lang='lat' dir='ltr'><strong>vulg.</strong></span> <span class='ocrx_word' id='word_1_4' title='bbox 204 880 236 922; x_wconf 80' lang='grc' dir='ltr'>ιιι</span> <span class='ocrx_word' id='word_1_5' title='bbox 252 858 365 926; x_wconf 90' lang='lat' dir='ltr'>eodem</span> <span class='ocrx_word' id='word_1_6' title='bbox 381 857 446 925; x_wconf 87' lang='lat' dir='ltr'>sere</span> <span class='ocrx_word' id='word_1_7' title='bbox 459 879 574 942; x_wconf 81' lang='lat' dir='ltr'>genere</span> <span class='ocrx_word' id='word_1_8' title='bbox 588 864 637 924; x_wconf 88' lang='lat' dir='ltr'>est</span> <span class='ocrx_word' id='word_1_9' title='bbox 650 858 828 942; x_wconf 86' lang='lat' dir='ltr'>exemplum</span> <span class='ocrx_word' id='word_1_10' title='bbox 840 857 926 941; x_wconf 91' lang='lat' dir='ltr'>quod</span> <span class='ocrx_word' id='word_1_11' title='bbox 937 856 1015 941; x_wconf 88' lang='lat' dir='ltr'>legit</span> <span class='ocrx_word' id='word_1_12' title='bbox 1016 878 1054 922; x_wconf 91' lang='lat' dir='ltr'>ur</span> <span class='ocrx_word' id='word_1_13' title='bbox 1001 859 1120 940; x_wconf 86' lang='lat' dir='ltr'>t,45</span> <span class='ocrx_word' id='word_1_14' title='bbox 1135 859 1173 920; x_wconf 95' lang='grc'>17</span> 
     </span>
     <span class='ocr_line' id='line_1_3' title="bbox 10 961 1175 1051; baseline -0.003 -20"><span class='ocrx_word' id='word_1_15' title='bbox 10 981 11 1042; x_wconf 63' lang='lat' dir='ltr'>l</span> <span class='ocrx_word' id='word_1_16' title='bbox 101 968 236 1049; x_wconf 74' lang='grc' dir='ltr'>γεωργὸς</span> <span class='ocrx_word' id='word_1_17' title='bbox 251 961 286 1030; x_wconf 79' lang='grc' dir='ltr'>οἰ)</span> <span class='ocrx_word' id='word_1_18' title='bbox 301 976 378 1030; x_wconf 86' lang='grc' dir='ltr'>ποιεῖ</span> <span class='ocrx_word' id='word_1_19' title='bbox 391 963 547 1030; x_wconf 70' lang='lat' dir='ltr'>coornari.</span> <span class='ocrx_word' id='word_1_20' title='bbox 573 961 880 1048; x_wconf 77' lang='lat' dir='ltr'>deniqueadmecn</span> <span class='ocrx_word' id='word_1_21' title='bbox 891 968 970 1028; x_wconf 84' lang='grc' dir='ltr'>πόσα</span> <span class='ocrx_word' id='word_1_22' title='bbox 981 963 1064 1051; x_wconf 73' lang='grc' dir='ltr'>λήψῃ</span> <span class='ocrx_word' id='word_1_23' title='bbox 1079 969 1097 1027; x_wconf 76' lang='lat'><strong>2</strong></span> <span class='ocrx_word' id='word_1_24' title='bbox 1099 967 1175 1046; x_wconf 84' lang='lat'>,17,</span> 
     </span>
     <span class='ocr_line' id='line_1_4' title="bbox 10 1071 1174 1203; baseline -0.004 -64"><span class='ocrx_word' id='word_1_25' title='bbox 10 1075 11 1139; x_wconf 70' lang='lat' dir='ltr'>i</span> <span class='ocrx_word' id='word_1_26' title='bbox 104 1092 181 1136; x_wconf 88' lang='lat' dir='ltr'>oum</span> <span class='ocrx_word' id='word_1_27' title='bbox 210 1093 275 1156; x_wconf 91' lang='lat' dir='ltr'>quo</span> <span class='ocrx_word' id='word_1_28' title='bbox 307 1074 567 1156; x_wconf 86' lang='lat' dir='ltr'>comparandum,</span> <span class='ocrx_word' id='word_1_29' title='bbox 597 1072 717 1203; x_wconf 73' lang='lat' dir='ltr'>quod</span> <span class='ocrx_word' id='word_1_30' title='bbox 708 1094 813 1156; x_wconf 82' lang='lat' dir='ltr'>ipsum</span> <span class='ocrx_word' id='word_1_31' title='bbox 836 1092 965 1154; x_wconf 90' lang='lat' dir='ltr'>quoque</span> <span class='ocrx_word' id='word_1_32' title='bbox 987 1071 1174 1154; x_wconf 81' lang='lat' dir='ltr'>propaginis</span> 
     </span>
     <span class='ocr_line' id='line_1_5' title="bbox 10 1159 1174 1266; baseline -0.001 -22"><span class='ocrx_word' id='word_1_33' title='bbox 10 1159 11 1174; x_wconf 36' lang='lat'>¹</span> <span class='ocrx_word' id='word_1_34' title='bbox 103 1179 250 1245; x_wconf 87' lang='lat' dir='ltr'>Bioneae</span> <span class='ocrx_word' id='word_1_35' title='bbox 274 1186 334 1264; x_wconf 87' lang='lat' dir='ltr'>est,</span> <span class='ocrx_word' id='word_1_36' title='bbox 357 1180 420 1246; x_wconf 91' lang='lat' dir='ltr'>hoo</span> <span class='ocrx_word' id='word_1_37' title='bbox 443 1184 496 1255; x_wconf 78' lang='lat'>45.</span> <span class='ocrx_word' id='word_1_38' title='bbox 513 1177 574 1244; x_wconf 65' lang='lat'>4⁰</span> <span class='ocrx_word' id='word_1_39' title='bbox 557 1202 614 1265; x_wconf 93' lang='grc' dir='ltr'>ορα</span> <span class='ocrx_word' id='word_1_40' title='bbox 629 1177 652 1244; x_wconf 82' lang='grc' dir='ltr'>εἰ</span> <span class='ocrx_word' id='word_1_41' title='bbox 668 1183 718 1244; x_wconf 89' lang='grc' dir='ltr'>καὶ</span> <span class='ocrx_word' id='word_1_42' title='bbox 734 1191 789 1245; x_wconf 85' lang='grc' dir='ltr'>των</span> <span class='ocrx_word' id='word_1_43' title='bbox 805 1202 865 1265; x_wconf 93' lang='grc' dir='ltr'>παρ</span> <span class='ocrx_word' id='word_1_44' title='bbox 866 1175 958 1266; x_wconf 82' lang='grc' dir='ltr'>ἡμῖν</span> <span class='ocrx_word' id='word_1_45' title='bbox 975 1202 1018 1251; x_wconf 91' lang='grc' dir='ltr'>τις</span> <span class='ocrx_word' id='word_1_46' title='bbox 1033 1189 1174 1262; x_wconf 76' lang='grc' dir='ltr'>γυναικῶν</span> 
     </span>
     <span class='ocr_line' id='line_1_6' title="bbox 103 1283 1174 1372; baseline 0.001 -21"><span class='ocrx_word' id='word_1_47' title='bbox 103 1283 177 1362; x_wconf 73' lang='lat' dir='ltr'>nri,</span> <span class='ocrx_word' id='word_1_48' title='bbox 204 1286 260 1352; x_wconf 91' lang='lat' dir='ltr'>nbi</span> <span class='ocrx_word' id='word_1_49' title='bbox 282 1285 338 1371; x_wconf 83' lang='grc' dir='ltr'>δρα</span> <span class='ocrx_word' id='word_1_50' title='bbox 362 1285 433 1369; x_wconf 83' lang='lat' dir='ltr'>SM,</span> <span class='ocrx_word' id='word_1_51' title='bbox 458 1285 515 1372; x_wconf 82' lang='grc' dir='ltr'>δρα</span> <span class='ocrx_word' id='word_1_52' title='bbox 537 1284 586 1352; x_wconf 82' lang='grc' dir='ltr'>οδν</span> <span class='ocrx_word' id='word_1_53' title='bbox 610 1308 650 1352; x_wconf 87' lang='lat' dir='ltr'>ex</span> <span class='ocrx_word' id='word_1_54' title='bbox 671 1288 958 1370; x_wconf 86' lang='lat' dir='ltr'>interpretamento</span> <span class='ocrx_word' id='word_1_55' title='bbox 982 1285 1026 1351; x_wconf 90' lang='lat' dir='ltr'>A.</span> <span class='ocrx_word' id='word_1_56' title='bbox 1066 1285 1174 1352; x_wconf 88' lang='lat' dir='ltr'>similis</span> 
     </span>
    </p>

    <p class='ocr_par' dir='ltr' id='par_1_3' title="bbox 10 1391 1175 4476">
     <span class='ocr_line' id='line_1_7' title="bbox 103 1391 1007 1478; baseline 0.007 -22"><span class='ocrx_word' id='word_1_57' title='bbox 103 1391 144 1457; x_wconf 92' lang='lat' dir='ltr'>fit</span> <span class='ocrx_word' id='word_1_58' title='bbox 167 1391 346 1460; x_wconf 84' lang='lat' dir='ltr'>observatio</span> <span class='ocrx_word' id='word_1_59' title='bbox 370 1395 403 1459; x_wconf 93' lang='lat' dir='ltr'>in</span> <span class='ocrx_word' id='word_1_60' title='bbox 426 1394 656 1478; x_wconf 83' lang='lat' dir='ltr'>componendis</span> <span class='ocrx_word' id='word_1_61' title='bbox 679 1394 842 1460; x_wconf 89' lang='lat' dir='ltr'>vocabulis</span> <span class='ocrx_word' id='word_1_62' title='bbox 866 1392 1007 1478; x_wconf 88' lang='lat' dir='ltr'>singulis.</span> 
     </span>
     <span class='ocr_line' id='line_1_8' title="bbox 175 1499 1175 1585; baseline 0.001 -21"><span class='ocrx_word' id='word_1_63' title='bbox 175 1501 293 1567; x_wconf 87' lang='lat' dir='ltr'>senties</span> <span class='ocrx_word' id='word_1_64' title='bbox 307 1500 430 1585; x_wconf 88' lang='lat' dir='ltr'>opinor,</span> <span class='ocrx_word' id='word_1_65' title='bbox 448 1523 544 1585; x_wconf 89' lang='lat' dir='ltr'>quam</span> <span class='ocrx_word' id='word_1_66' title='bbox 559 1500 746 1567; x_wconf 88' lang='lat' dir='ltr'>intendatur</span> <span class='ocrx_word' id='word_1_67' title='bbox 756 1501 802 1566; x_wconf 84' lang='lat' dir='ltr'>uis</span> <span class='ocrx_word' id='word_1_68' title='bbox 816 1501 970 1568; x_wconf 90' lang='lat' dir='ltr'>orationis</span> <span class='ocrx_word' id='word_1_69' title='bbox 982 1500 1075 1565; x_wconf 91' lang='lat' dir='ltr'>huius</span> <span class='ocrx_word' id='word_1_70' title='bbox 1087 1499 1175 1565; x_wconf 92' lang='lat' dir='ltr'>modi</span> 
     </span>
     <span class='ocr_line' id='line_1_9' title="bbox 104 1604 1174 1697; baseline -0.002 -25"><span class='ocrx_word' id='word_1_71' title='bbox 104 1605 269 1692; x_wconf 83' lang='lat' dir='ltr'>asyndetis</span> <span class='ocrx_word' id='word_1_72' title='bbox 292 1605 361 1672; x_wconf 75' lang='grc' dir='ltr'>ὅταν</span> <span class='ocrx_word' id='word_1_73' title='bbox 376 1605 396 1695; x_wconf 75' lang='grc' dir='ltr'>ἡ</span> <span class='ocrx_word' id='word_1_74' title='bbox 412 1611 593 1693; x_wconf 81' lang='grc' dir='ltr'>μισθώσασα</span> <span class='ocrx_word' id='word_1_75' title='bbox 615 1610 699 1697; x_wconf 83' lang='grc' dir='ltr'>ρίσις</span> <span class='ocrx_word' id='word_1_76' title='bbox 721 1609 790 1681; x_wconf 79' lang='grc' dir='ltr'>τοὺς</span> <span class='ocrx_word' id='word_1_77' title='bbox 812 1604 991 1695; x_wconf 77' lang='grc' dir='ltr'>ὀφθαλμοὺς</span> <span class='ocrx_word' id='word_1_78' title='bbox 1013 1605 1174 1696; x_wconf 76' lang='grc' dir='ltr'>ἀφαιρῆται</span> 
     </span>
     <span class='ocr_line' id='line_1_10' title="bbox 103 1712 1173 1801; baseline -0.001 -23"><span class='ocrx_word' id='word_1_79' title='bbox 103 1717 145 1778; x_wconf 86' lang='grc' dir='ltr'>τὰ</span> <span class='ocrx_word' id='word_1_80' title='bbox 176 1712 237 1778; x_wconf 83' lang='grc' dir='ltr'>ὦτα</span> <span class='ocrx_word' id='word_1_81' title='bbox 266 1717 320 1786; x_wconf 85' lang='grc' dir='ltr'>τὰς</span> <span class='ocrx_word' id='word_1_82' title='bbox 349 1725 453 1801; x_wconf 87' lang='grc' dir='ltr'>χεῖρας</span> <span class='ocrx_word' id='word_1_83' title='bbox 482 1716 549 1786; x_wconf 79' lang='grc' dir='ltr'>τοὺς</span> <span class='ocrx_word' id='word_1_84' title='bbox 578 1715 675 1788; x_wconf 87' lang='grc' dir='ltr'>πόδας</span> <span class='ocrx_word' id='word_1_85' title='bbox 709 1718 760 1796; x_wconf 89' lang='grc'>11,</span> <span class='ocrx_word' id='word_1_86' title='bbox 786 1717 802 1780; x_wconf 93' lang='grc'><strong>1</strong></span> <span class='ocrx_word' id='word_1_87' title='bbox 829 1713 881 1794; x_wconf 87' lang='lat' dir='ltr'>(cf.</span> <span class='ocrx_word' id='word_1_88' title='bbox 908 1718 937 1795; x_wconf 83' lang='lat'>5,</span> <span class='ocrx_word' id='word_1_89' title='bbox 962 1717 1012 1778; x_wconf 86' lang='lat'>10.</span> <span class='ocrx_word' id='word_1_90' title='bbox 1042 1718 1095 1797; x_wconf 80' lang='lat'>26,</span> <span class='ocrx_word' id='word_1_91' title='bbox 1121 1717 1173 1783; x_wconf 88' lang='lat'>11.</span> 
     </span>
     <span class='ocr_line' id='line_1_11' title="bbox 105 1819 1174 1908; baseline -0.001 -22"><span class='ocrx_word' id='word_1_92' title='bbox 105 1823 160 1901; x_wconf 90' lang='grc'>31,</span> <span class='ocrx_word' id='word_1_93' title='bbox 181 1824 197 1883; x_wconf 97' lang='grc'><strong>7</strong></span> <span class='ocrx_word' id='word_1_94' title='bbox 222 1820 276 1906; x_wconf 86' lang='lat' dir='ltr'>al.)</span> <span class='ocrx_word' id='word_1_95' title='bbox 299 1821 349 1886; x_wconf 89' lang='lat' dir='ltr'>vel</span> <span class='ocrx_word' id='word_1_96' title='bbox 378 1820 426 1886; x_wconf 90' lang='lat' dir='ltr'>his</span> <span class='ocrx_word' id='word_1_97' title='bbox 454 1821 568 1905; x_wconf 89' lang='lat' dir='ltr'>quibus</span> <span class='ocrx_word' id='word_1_98' title='bbox 596 1821 722 1888; x_wconf 87' lang='lat' dir='ltr'>accedit</span> <span class='ocrx_word' id='word_1_99' title='bbox 750 1822 926 1904; x_wconf 82' lang='lat' dir='ltr'>anaphora:</span> <span class='ocrx_word' id='word_1_100' title='bbox 956 1819 1105 1908; x_wconf 86' lang='grc' dir='ltr'>ἀναχωρει</span> <span class='ocrx_word' id='word_1_101' title='bbox 1132 1819 1174 1893; x_wconf 82' lang='grc' dir='ltr'>εἰς</span> 
     </span>
     <span class='ocr_line' id='line_1_12' title="bbox 103 1924 1173 2016; baseline -0.001 -25"><span class='ocrx_word' id='word_1_102' title='bbox 103 1931 284 2013; x_wconf 70' lang='lat' dir='ltr'>perennior,</span> <span class='ocrx_word' id='word_1_103' title='bbox 315 1925 357 1999; x_wconf 80' lang='grc' dir='ltr'>εἰς</span> <span class='ocrx_word' id='word_1_104' title='bbox 379 1925 614 2004; x_wconf 76' lang='grc' dir='ltr'>αι’)τοδιακονίαν,</span> <span class='ocrx_word' id='word_1_105' title='bbox 639 1925 680 2000; x_wconf 87' lang='grc' dir='ltr'>είς</span> <span class='ocrx_word' id='word_1_106' title='bbox 702 1932 839 2013; x_wconf 84' lang='grc' dir='ltr'>τρίβωνα,</span> <span class='ocrx_word' id='word_1_107' title='bbox 870 1925 995 2016; x_wconf 81' lang='grc' dir='ltr'>ἔσχατον</span> <span class='ocrx_word' id='word_1_108' title='bbox 1022 1924 1064 2000; x_wconf 81' lang='grc' dir='ltr'>εἰς</span> <span class='ocrx_word' id='word_1_109' title='bbox 1090 1925 1173 2012; x_wconf 81' lang='grc' dir='ltr'>ίμδοο.</span> 
     </span>
     <span class='ocr_line' id='line_1_13' title="bbox 102 2013 1173 2119; baseline -0.001 -20"><span class='ocrx_word' id='word_1_110' title='bbox 102 2032 284 2118; x_wconf 85' lang='lat' dir='ltr'>asyndeton</span> <span class='ocrx_word' id='word_1_111' title='bbox 307 2034 531 2118; x_wconf 85' lang='lat' dir='ltr'>explicativum</span> <span class='ocrx_word' id='word_1_112' title='bbox 554 2013 660 2100; x_wconf 81' lang='lat' dir='ltr'>exstat</span> <span class='ocrx_word' id='word_1_113' title='bbox 681 2035 715 2098; x_wconf 89' lang='lat' dir='ltr'>in</span> <span class='ocrx_word' id='word_1_114' title='bbox 735 2034 909 2119; x_wconf 89' lang='lat' dir='ltr'>prioribus:</span> <span class='ocrx_word' id='word_1_115' title='bbox 934 2030 1027 2105; x_wconf 78' lang='grc' dir='ltr'>οὕτως</span> <span class='ocrx_word' id='word_1_116' title='bbox 1048 2030 1086 2097; x_wconf 79' lang='grc' dir='ltr'>αδ</span> <span class='ocrx_word' id='word_1_117' title='bbox 1109 2031 1173 2119; x_wconf 80' lang='grc' dir='ltr'>(ἐὰν</span> 
     </span>
     <span class='ocr_line' id='line_1_14' title="bbox 104 2138 1173 2228; baseline -0.001 -23"><span class='ocrx_word' id='word_1_118' title='bbox 104 2141 146 2205; x_wconf 86' lang='lat' dir='ltr'>oi.</span> <span class='ocrx_word' id='word_1_119' title='bbox 163 2139 284 2222; x_wconf 86' lang='lat' dir='ltr'>Hense,</span> <span class='ocrx_word' id='word_1_120' title='bbox 308 2140 394 2208; x_wconf 85' lang='lat' dir='ltr'>idem</span> <span class='ocrx_word' id='word_1_121' title='bbox 415 2164 491 2208; x_wconf 87' lang='lat' dir='ltr'>mox</span> <span class='ocrx_word' id='word_1_122' title='bbox 513 2139 676 2228; x_wconf 65' lang='grc' dir='ltr'>ἐπικὲρταί)</span> <span class='ocrx_word' id='word_1_123' title='bbox 699 2142 784 2227; x_wconf 85' lang='grc' dir='ltr'>δεῦρο</span> <span class='ocrx_word' id='word_1_124' title='bbox 814 2139 952 2206; x_wconf 80' lang='grc' dir='ltr'>ἐπίκειται</span> <span class='ocrx_word' id='word_1_125' title='bbox 974 2138 1063 2205; x_wconf 80' lang='grc' dir='ltr'>ἐνίοτε</span> <span class='ocrx_word' id='word_1_126' title='bbox 1084 2141 1173 2205; x_wconf 85' lang='grc' dir='ltr'>πόλε-</span> 
     </span>
     <span class='ocr_line' id='line_1_15' title="bbox 103 2245 1173 2335; baseline -0.002 -23"><span class='ocrx_word' id='word_1_127' title='bbox 103 2269 173 2334; x_wconf 84' lang='grc' dir='ltr'>μος,</span> <span class='ocrx_word' id='word_1_128' title='bbox 203 2247 312 2334; x_wconf 87' lang='grc' dir='ltr'>ἀπορία</span> <span class='ocrx_word' id='word_1_129' title='bbox 335 2247 492 2335; x_wconf 80' lang='grc' dir='ltr'>ἀρρωστία,</span> <span class='ocrx_word' id='word_1_130' title='bbox 521 2247 669 2335; x_wconf 85' lang='grc' dir='ltr'>ἀναχώρει</span> <span class='ocrx_word' id='word_1_131' title='bbox 693 2245 752 2313; x_wconf 85' lang='grc' dir='ltr'>κτὲ.</span> <span class='ocrx_word' id='word_1_132' title='bbox 784 2269 858 2314; x_wconf 86' lang='lat' dir='ltr'>nam</span> <span class='ocrx_word' id='word_1_133' title='bbox 887 2247 995 2333; x_wconf 82' lang='grc' dir='ltr'>ἀπορία</span> <span class='ocrx_word' id='word_1_134' title='bbox 1024 2246 1173 2332; x_wconf 84' lang='grc' dir='ltr'>ἀρρωστία</span> 
     </span>
     <span class='ocr_line' id='line_1_16' title="bbox 101 2351 1173 2441; baseline -0.002 -21"><span class='ocrx_word' id='word_1_135' title='bbox 101 2356 177 2440; x_wconf 88' lang='lat' dir='ltr'>ipsa</span> <span class='ocrx_word' id='word_1_136' title='bbox 200 2376 327 2441; x_wconf 90' lang='lat' dir='ltr'>quoque</span> <span class='ocrx_word' id='word_1_137' title='bbox 344 2353 507 2428; x_wconf 81' lang='grc' dir='ltr'>ἀσονδέτως</span> <span class='ocrx_word' id='word_1_138' title='bbox 530 2356 614 2421; x_wconf 91' lang='lat' dir='ltr'>inter</span> <span class='ocrx_word' id='word_1_139' title='bbox 637 2377 671 2420; x_wconf 89' lang='lat' dir='ltr'>se</span> <span class='ocrx_word' id='word_1_140' title='bbox 691 2355 872 2439; x_wconf 88' lang='lat' dir='ltr'>composita</span> <span class='ocrx_word' id='word_1_141' title='bbox 887 2351 987 2422; x_wconf 77' lang='lat' dir='ltr'>‘belli’</span> <span class='ocrx_word' id='word_1_142' title='bbox 1010 2361 1173 2440; x_wconf 87' lang='lat' dir='ltr'>tamquam</span> 
     </span>
     <span class='ocr_line' id='line_1_17' title="bbox 103 2459 1173 2548; baseline -0.003 -20"><span class='ocrx_word' id='word_1_143' title='bbox 103 2468 334 2528; x_wconf 88' lang='lat' dir='ltr'>enumerantur</span> <span class='ocrx_word' id='word_1_144' title='bbox 346 2463 500 2547; x_wconf 86' lang='lat' dir='ltr'>exempla.</span> <span class='ocrx_word' id='word_1_145' title='bbox 518 2462 662 2528; x_wconf 91' lang='lat' dir='ltr'>similiter</span> <span class='ocrx_word' id='word_1_146' title='bbox 673 2462 760 2528; x_wconf 90' lang='lat' dir='ltr'>istud</span> <span class='ocrx_word' id='word_1_147' title='bbox 771 2461 896 2548; x_wconf 86' lang='grc' dir='ltr'>ἀβίωτος</span> <span class='ocrx_word' id='word_1_148' title='bbox 908 2459 996 2547; x_wconf 85' lang='grc' dir='ltr'>ὁβίος</span> <span class='ocrx_word' id='word_1_149' title='bbox 1008 2460 1095 2545; x_wconf 92' lang='lat' dir='ltr'>qnod</span> <span class='ocrx_word' id='word_1_150' title='bbox 1108 2482 1173 2526; x_wconf 92' lang='lat' dir='ltr'>non</span> 
     </span>
     <span class='ocr_line' id='line_1_18' title="bbox 103 2568 1172 2654; baseline 0 -20"><span class='ocrx_word' id='word_1_151' title='bbox 103 2568 174 2634; x_wconf 90' lang='lat' dir='ltr'>sine</span> <span class='ocrx_word' id='word_1_152' title='bbox 197 2570 305 2654; x_wconf 86' lang='lat' dir='ltr'>vigore</span> <span class='ocrx_word' id='word_1_153' title='bbox 327 2571 545 2654; x_wconf 87' lang='lat' dir='ltr'>praemittitur</span> <span class='ocrx_word' id='word_1_154' title='bbox 564 2591 623 2654; x_wconf 91' lang='lat' dir='ltr'>per</span> <span class='ocrx_word' id='word_1_155' title='bbox 637 2568 781 2636; x_wconf 89' lang='lat' dir='ltr'>membra</span> <span class='ocrx_word' id='word_1_156' title='bbox 795 2571 875 2636; x_wconf 87' lang='lat' dir='ltr'>haec</span> <span class='ocrx_word' id='word_1_157' title='bbox 892 2569 1068 2653; x_wconf 77' lang='lat' dir='ltr'>explicatur</span> <span class='ocrx_word' id='word_1_158' title='bbox 1091 2591 1172 2652; x_wconf 90' lang='lat' dir='ltr'>quae</span> 
     </span>
     <span class='ocr_line' id='line_1_19' title="bbox 10 2675 1173 2763; baseline -0.002 -21"><span class='ocrx_word' id='word_1_159' title='bbox 10 2725 11 2742; x_wconf 45' lang='grc' dir='ltr'>τ</span> <span class='ocrx_word' id='word_1_160' title='bbox 103 2675 306 2744; x_wconf 90' lang='lat' dir='ltr'>subiciuntur</span> <span class='ocrx_word' id='word_1_161' title='bbox 322 2681 465 2762; x_wconf 82' lang='grc' dir='ltr'>στρατεία,</span> <span class='ocrx_word' id='word_1_162' title='bbox 488 2677 660 2761; x_wconf 75' lang='grc' dir='ltr'>λειτουργία,</span> <span class='ocrx_word' id='word_1_163' title='bbox 684 2678 820 2741; x_wconf 89' lang='grc' dir='ltr'>πολιτικὰ</span> <span class='ocrx_word' id='word_1_164' title='bbox 834 2681 1002 2763; x_wconf 74' lang='grc' dir='ltr'>πράγματα,</span> <span class='ocrx_word' id='word_1_165' title='bbox 1024 2677 1173 2762; x_wconf 85' lang='grc' dir='ltr'>σχολάσαι</span> 
     </span>
     <span class='ocr_line' id='line_1_20' title="bbox 105 2779 1172 2870; baseline 0.002 -23"><span class='ocrx_word' id='word_1_166' title='bbox 105 2779 210 2870; x_wconf 79' lang='grc' dir='ltr'>[αὐτῷ]</span> <span class='ocrx_word' id='word_1_167' title='bbox 234 2781 290 2848; x_wconf 81' lang='grc' dir='ltr'>οὐκ</span> <span class='ocrx_word' id='word_1_168' title='bbox 311 2783 371 2847; x_wconf 80' lang='grc' dir='ltr'>ἔστι</span> <span class='ocrx_word' id='word_1_169' title='bbox 388 2789 440 2866; x_wconf 89' lang='grc'>31,</span> <span class='ocrx_word' id='word_1_170' title='bbox 460 2787 510 2848; x_wconf 86' lang='grc'>16.</span> <span class='ocrx_word' id='word_1_171' title='bbox 546 2784 603 2848; x_wconf 86' lang='lat' dir='ltr'>sed</span> <span class='ocrx_word' id='word_1_172' title='bbox 625 2785 678 2848; x_wconf 88' lang='lat' dir='ltr'>vix</span> <span class='ocrx_word' id='word_1_173' title='bbox 699 2805 830 2850; x_wconf 87' lang='lat' dir='ltr'>neccsse</span> <span class='ocrx_word' id='word_1_174' title='bbox 852 2789 931 2867; x_wconf 88' lang='lat' dir='ltr'>puto</span> <span class='ocrx_word' id='word_1_175' title='bbox 954 2783 1033 2850; x_wconf 87' lang='lat' dir='ltr'>talia</span> <span class='ocrx_word' id='word_1_176' title='bbox 1056 2783 1172 2849; x_wconf 83' lang='lat' dir='ltr'>exhau-</span> 
     </span>
     <span class='ocr_line' id='line_1_21' title="bbox 102 2890 1173 2974; baseline 0 -19"><span class='ocrx_word' id='word_1_177' title='bbox 102 2890 173 2955; x_wconf 86' lang='lat' dir='ltr'>riri.</span> <span class='ocrx_word' id='word_1_178' title='bbox 209 2895 339 2956; x_wconf 89' lang='lat' dir='ltr'>cavetur</span> <span class='ocrx_word' id='word_1_179' title='bbox 362 2895 469 2956; x_wconf 91' lang='lat' dir='ltr'>autem</span> <span class='ocrx_word' id='word_1_180' title='bbox 493 2891 590 2956; x_wconf 88' lang='lat' dir='ltr'>otiam</span> <span class='ocrx_word' id='word_1_181' title='bbox 612 2890 705 2956; x_wconf 90' lang='lat' dir='ltr'>huius</span> <span class='ocrx_word' id='word_1_182' title='bbox 721 2891 845 2974; x_wconf 87' lang='lat' dir='ltr'>generis</span> <span class='ocrx_word' id='word_1_183' title='bbox 861 2912 901 2958; x_wconf 89' lang='lat' dir='ltr'>ne</span> <span class='ocrx_word' id='word_1_184' title='bbox 918 2892 1050 2956; x_wconf 79' lang='lat' dir='ltr'>satietas</span> <span class='ocrx_word' id='word_1_185' title='bbox 1067 2891 1173 2974; x_wconf 89' lang='lat' dir='ltr'>capiat</span> 
     </span>
     <span class='ocr_line' id='line_1_22' title="bbox 102 2997 1173 3079; baseline -0.001 -16"><span class='ocrx_word' id='word_1_186' title='bbox 102 2998 271 3063; x_wconf 86' lang='lat' dir='ltr'>lectorem.</span> <span class='ocrx_word' id='word_1_187' title='bbox 310 2997 458 3063; x_wconf 86' lang='lat' dir='ltr'>varietati</span> <span class='ocrx_word' id='word_1_188' title='bbox 472 2997 519 3063; x_wconf 89' lang='lat' dir='ltr'>ita</span> <span class='ocrx_word' id='word_1_189' title='bbox 542 2997 680 3064; x_wconf 89' lang='lat' dir='ltr'>consulit</span> <span class='ocrx_word' id='word_1_190' title='bbox 696 2997 801 3079; x_wconf 80' lang='lat' dir='ltr'>Telos,</span> <span class='ocrx_word' id='word_1_191' title='bbox 824 3003 861 3062; x_wconf 90' lang='lat' dir='ltr'>ut</span> <span class='ocrx_word' id='word_1_192' title='bbox 877 2997 942 3064; x_wconf 89' lang='lat' dir='ltr'>duo</span> <span class='ocrx_word' id='word_1_193' title='bbox 957 2997 1101 3064; x_wconf 89' lang='lat' dir='ltr'>membra</span> <span class='ocrx_word' id='word_1_194' title='bbox 1123 3018 1173 3063; x_wconf 92' lang='lat' dir='ltr'>co-</span> 
     </span>
     <span class='ocr_line' id='line_1_23' title="bbox 102 3103 1172 3189; baseline -0.001 -19"><span class='ocrx_word' id='word_1_195' title='bbox 102 3103 197 3188; x_wconf 89' lang='lat' dir='ltr'>pulet</span> <span class='ocrx_word' id='word_1_196' title='bbox 211 3125 270 3187; x_wconf 90' lang='lat' dir='ltr'>per</span> <span class='ocrx_word' id='word_1_197' title='bbox 284 3103 487 3187; x_wconf 87' lang='lat' dir='ltr'>particulam,</span> <span class='ocrx_word' id='word_1_198' title='bbox 511 3103 636 3188; x_wconf 88' lang='lat' dir='ltr'>reliqna</span> <span class='ocrx_word' id='word_1_199' title='bbox 658 3104 777 3171; x_wconf 87' lang='lat' dir='ltr'>adiciat</span> <span class='ocrx_word' id='word_1_200' title='bbox 793 3103 959 3178; x_wconf 80' lang='grc' dir='ltr'>ἀσονδέτως</span> <span class='ocrx_word' id='word_1_201' title='bbox 977 3109 1028 3188; x_wconf 87' lang='grc'>39,</span> <span class='ocrx_word' id='word_1_202' title='bbox 1048 3110 1066 3169; x_wconf 85' lang='grc'><strong>6</strong></span> <span class='ocrx_word' id='word_1_203' title='bbox 1084 3127 1172 3189; x_wconf 88' lang='grc' dir='ltr'>στρα-</span> 
     </span>
     <span class='ocr_line' id='line_1_24' title="bbox 102 3207 1172 3298; baseline 0 -25"><span class='ocrx_word' id='word_1_204' title='bbox 102 3211 217 3274; x_wconf 83' lang='grc' dir='ltr'>τείεται</span> <span class='ocrx_word' id='word_1_205' title='bbox 231 3213 283 3274; x_wconf 89' lang='grc' dir='ltr'>καί</span> <span class='ocrx_word' id='word_1_206' title='bbox 304 3211 455 3294; x_wconf 85' lang='grc' dir='ltr'>πρεσβείει</span> <span class='ocrx_word' id='word_1_207' title='bbox 477 3207 549 3295; x_wconf 75' lang='grc' dir='ltr'>δπὲρ</span> <span class='ocrx_word' id='word_1_208' title='bbox 569 3221 624 3298; x_wconf 77' lang='grc' dir='ltr'>τῆς</span> <span class='ocrx_word' id='word_1_209' title='bbox 646 3211 772 3288; x_wconf 87' lang='grc' dir='ltr'>πόλεως,</span> <span class='ocrx_word' id='word_1_210' title='bbox 795 3213 984 3287; x_wconf 77' lang='grc' dir='ltr'>πολιτείιεται,</span> <span class='ocrx_word' id='word_1_211' title='bbox 1008 3219 1172 3298; x_wconf 79' lang='grc' dir='ltr'>στρατηγεῖ,</span> 
     </span>
     <span class='ocr_line' id='line_1_25' title="bbox 102 3315 1172 3404; baseline 0.004 -26"><span class='ocrx_word' id='word_1_212' title='bbox 102 3325 243 3403; x_wconf 75' lang='grc' dir='ltr'>χορηγεῖ,</span> <span class='ocrx_word' id='word_1_213' title='bbox 276 3315 470 3399; x_wconf 79' lang='grc' dir='ltr'>ἀγωνοθετεῖ·</span> <span class='ocrx_word' id='word_1_214' title='bbox 504 3322 657 3404; x_wconf 73' lang='grc' dir='ltr'>μακαρίζει</span> <span class='ocrx_word' id='word_1_215' title='bbox 689 3315 798 3384; x_wconf 76' lang='grc' dir='ltr'>ἐκεῖνον</span> <span class='ocrx_word' id='word_1_216' title='bbox 830 3321 877 3383; x_wconf 83' lang='grc' dir='ltr'>τὸν</span> <span class='ocrx_word' id='word_1_217' title='bbox 901 3319 961 3400; x_wconf 91' lang='grc' dir='ltr'>βίον</span> <span class='ocrx_word' id='word_1_218' title='bbox 985 3317 1016 3383; x_wconf 90' lang='grc' dir='ltr'>δν</span> <span class='ocrx_word' id='word_1_219' title='bbox 1038 3327 1110 3390; x_wconf 88' lang='grc' dir='ltr'>παῖς</span> <span class='ocrx_word' id='word_1_220' title='bbox 1133 3315 1172 3382; x_wconf 86' lang='grc' dir='ltr'>ὢν</span> 
     </span>
     <span class='ocr_line' id='line_1_26' title="bbox 102 3419 1172 3508; baseline 0.003 -23"><span class='ocrx_word' id='word_1_221' title='bbox 102 3419 217 3506; x_wconf 82' lang='grc' dir='ltr'>ἐβίωσε.</span> <span class='ocrx_word' id='word_1_222' title='bbox 251 3421 306 3489; x_wconf 91' lang='lat' dir='ltr'>nbi</span> <span class='ocrx_word' id='word_1_223' title='bbox 329 3428 450 3507; x_wconf 89' lang='lat' dir='ltr'>quanta</span> <span class='ocrx_word' id='word_1_224' title='bbox 472 3423 630 3491; x_wconf 89' lang='lat' dir='ltr'>brevitate</span> <span class='ocrx_word' id='word_1_225' title='bbox 654 3445 731 3490; x_wconf 86' lang='lat' dir='ltr'>usus</span> <span class='ocrx_word' id='word_1_226' title='bbox 754 3424 796 3489; x_wconf 90' lang='lat' dir='ltr'>sit</span> <span class='ocrx_word' id='word_1_227' title='bbox 811 3430 955 3491; x_wconf 84' lang='lat' dir='ltr'>extremo</span> <span class='ocrx_word' id='word_1_228' title='bbox 970 3423 1172 3508; x_wconf 90' lang='lat' dir='ltr'>potissimum</span> 
     </span>
     <span class='ocr_line' id='line_1_27' title="bbox 10 3527 1172 3619; baseline 0.001 -25"><span class='ocrx_word' id='word_1_229' title='bbox 10 3599 11 3612; x_wconf 41' lang='grc'>,</span> <span class='ocrx_word' id='word_1_230' title='bbox 101 3527 250 3596; x_wconf 89' lang='lat' dir='ltr'>membro</span> <span class='ocrx_word' id='word_1_231' title='bbox 281 3530 407 3597; x_wconf 88' lang='lat' dir='ltr'>adiecto</span> <span class='ocrx_word' id='word_1_232' title='bbox 439 3530 545 3619; x_wconf 87' lang='lat' dir='ltr'>(quasi</span> <span class='ocrx_word' id='word_1_233' title='bbox 572 3531 688 3598; x_wconf 86' lang='lat' dir='ltr'>dixerit</span> <span class='ocrx_word' id='word_1_234' title='bbox 715 3541 752 3598; x_wconf 80' lang='grc' dir='ltr'>αι</span> <span class='ocrx_word' id='word_1_235' title='bbox 774 3553 840 3598; x_wconf 82' lang='lat' dir='ltr'>ano</span> <span class='ocrx_word' id='word_1_236' title='bbox 863 3535 961 3598; x_wconf 81' lang='lat' dir='ltr'>verbo</span> <span class='ocrx_word' id='word_1_237' title='bbox 984 3535 1093 3598; x_wconf 73' lang='lat' dir='ltr'>dicam</span> <span class='ocrx_word' id='word_1_238' title='bbox 1112 3553 1172 3617; x_wconf 85' lang='grc' dir='ltr'>μα-</span> 
     </span>
     <span class='ocr_line' id='line_1_28' title="bbox 100 3634 1172 3724; baseline 0.003 -24"><span class='ocrx_word' id='word_1_239' title='bbox 100 3639 216 3721; x_wconf 78' lang='grc' dir='ltr'>καρίζει</span> <span class='ocrx_word' id='word_1_240' title='bbox 230 3634 304 3724; x_wconf 68' lang='lat' dir='ltr'>nri.)</span> <span class='ocrx_word' id='word_1_241' title='bbox 328 3659 423 3704; x_wconf 90' lang='lat' dir='ltr'>nemo</span> <span class='ocrx_word' id='word_1_242' title='bbox 446 3660 512 3705; x_wconf 93' lang='lat' dir='ltr'>non</span> <span class='ocrx_word' id='word_1_243' title='bbox 534 3638 702 3723; x_wconf 87' lang='lat' dir='ltr'>intellegit.</span> <span class='ocrx_word' id='word_1_244' title='bbox 737 3659 841 3722; x_wconf 87' lang='lat' dir='ltr'>neque</span> <span class='ocrx_word' id='word_1_245' title='bbox 864 3661 971 3706; x_wconf 90' lang='lat' dir='ltr'>rarum</span> <span class='ocrx_word' id='word_1_246' title='bbox 994 3643 1044 3704; x_wconf 86' lang='lat' dir='ltr'>est</span> <span class='ocrx_word' id='word_1_247' title='bbox 1066 3638 1172 3724; x_wconf 93' lang='lat' dir='ltr'>poly-</span> 
     </span>
     <span class='ocr_line' id='line_1_29' title="bbox 100 3742 1171 3831; baseline 0.002 -23"><span class='ocrx_word' id='word_1_248' title='bbox 100 3742 302 3826; x_wconf 85' lang='lat' dir='ltr'>syndeton.</span> <span class='ocrx_word' id='word_1_249' title='bbox 336 3745 423 3811; x_wconf 88' lang='lat' dir='ltr'>velut</span> <span class='ocrx_word' id='word_1_250' title='bbox 437 3750 513 3829; x_wconf 89' lang='lat' dir='ltr'>post</span> <span class='ocrx_word' id='word_1_251' title='bbox 531 3745 726 3811; x_wconf 89' lang='lat' dir='ltr'>minutorum</span> <span class='ocrx_word' id='word_1_252' title='bbox 741 3746 885 3812; x_wconf 89' lang='lat' dir='ltr'>colorum</span> <span class='ocrx_word' id='word_1_253' title='bbox 900 3745 980 3810; x_wconf 87' lang='lat' dir='ltr'>illud</span> <span class='ocrx_word' id='word_1_254' title='bbox 994 3745 1171 3831; x_wconf 85' lang='lat' dir='ltr'>asyndeton</span> 
     </span>
     <span class='ocr_line' id='line_1_30' title="bbox 100 3845 1172 3938; baseline 0.004 -26"><span class='ocrx_word' id='word_1_255' title='bbox 100 3845 240 3932; x_wconf 72' lang='grc' dir='ltr'>εὐπορία,</span> <span class='ocrx_word' id='word_1_256' title='bbox 264 3851 438 3918; x_wconf 83' lang='grc' dir='ltr'>διάστειλον·</span> <span class='ocrx_word' id='word_1_257' title='bbox 465 3850 587 3938; x_wconf 86' lang='grc' dir='ltr'>ἀπορία,</span> <span class='ocrx_word' id='word_1_258' title='bbox 615 3852 762 3917; x_wconf 86' lang='grc' dir='ltr'>σίστειλον</span> <span class='ocrx_word' id='word_1_259' title='bbox 787 3857 854 3935; x_wconf 91' lang='grc'>7,7</span> <span class='ocrx_word' id='word_1_260' title='bbox 879 3852 925 3917; x_wconf 91' lang='lat' dir='ltr'>sic</span> <span class='ocrx_word' id='word_1_261' title='bbox 951 3852 1172 3925; x_wconf 77' lang='grc' dir='ltr'>πολοσωνδέτως</span> 
     </span>
     <span class='ocr_line' id='line_1_31' title="bbox 99 3955 1171 4047; baseline 0.005 -26"><span class='ocrx_word' id='word_1_262' title='bbox 99 3957 262 4041; x_wconf 86' lang='lat' dir='ltr'>pergitur:</span> <span class='ocrx_word' id='word_1_263' title='bbox 291 3955 360 4023; x_wconf 81' lang='grc' dir='ltr'>ἀλλ’</span> <span class='ocrx_word' id='word_1_264' title='bbox 388 3955 474 4046; x_wconf 81' lang='grc' dir='ltr'>ἡμεῖς</span> <span class='ocrx_word' id='word_1_265' title='bbox 500 3956 534 4023; x_wconf 80' lang='grc' dir='ltr'>οὒ</span> <span class='ocrx_word' id='word_1_266' title='bbox 563 3959 718 4047; x_wconf 82' lang='grc' dir='ltr'>δυνάμεθα</span> <span class='ocrx_word' id='word_1_267' title='bbox 745 3958 902 4045; x_wconf 75' lang='grc' dir='ltr'>ἀρκεῖσθαι</span> <span class='ocrx_word' id='word_1_268' title='bbox 933 3970 994 4033; x_wconf 81' lang='grc' dir='ltr'>τοῖς</span> <span class='ocrx_word' id='word_1_269' title='bbox 1021 3970 1171 4045; x_wconf 79' lang='grc' dir='ltr'>παροῦσιν,</span> 
     </span>
     <span class='ocr_line' id='line_1_32' title="bbox 99 4060 1171 4154; baseline 0.004 -28"><span class='ocrx_word' id='word_1_270' title='bbox 99 4060 174 4127; x_wconf 78' lang='grc' dir='ltr'>ὅταν</span> <span class='ocrx_word' id='word_1_271' title='bbox 197 4067 261 4128; x_wconf 85' lang='grc' dir='ltr'>καί</span> <span class='ocrx_word' id='word_1_272' title='bbox 283 4075 378 4154; x_wconf 74' lang='grc' dir='ltr'>τροφῇ</span> <span class='ocrx_word' id='word_1_273' title='bbox 401 4066 476 4129; x_wconf 86' lang='grc' dir='ltr'>πολὺ</span> <span class='ocrx_word' id='word_1_274' title='bbox 501 4065 634 4153; x_wconf 82' lang='grc' dir='ltr'>διδῶμεν,</span> <span class='ocrx_word' id='word_1_275' title='bbox 657 4069 724 4130; x_wconf 91' lang='grc' dir='ltr'>καί</span> <span class='ocrx_word' id='word_1_276' title='bbox 747 4068 779 4130; x_wconf 82' lang='grc' dir='ltr'>τὸ</span> <span class='ocrx_word' id='word_1_277' title='bbox 795 4064 974 4151; x_wconf 75' lang='grc' dir='ltr'>ἐργάζεσθαι</span> <span class='ocrx_word' id='word_1_278' title='bbox 990 4071 1084 4136; x_wconf 85' lang='grc' dir='ltr'>...αί</span> <span class='ocrx_word' id='word_1_279' title='bbox 1106 4070 1171 4151; x_wconf 88' lang='grc' dir='ltr'>κρί-</span> 
     </span>
     <span class='ocr_line' id='line_1_33' title="bbox 99 4171 1170 4263; baseline 0.002 -27"><span class='ocrx_word' id='word_1_280' title='bbox 99 4191 199 4256; x_wconf 84' lang='grc' dir='ltr'>νωμεν</span> <span class='ocrx_word' id='word_1_281' title='bbox 214 4174 279 4236; x_wconf 90' lang='grc' dir='ltr'>καὶ</span> <span class='ocrx_word' id='word_1_282' title='bbox 294 4174 342 4236; x_wconf 85' lang='grc' dir='ltr'>τὸν</span> <span class='ocrx_word' id='word_1_283' title='bbox 357 4174 488 4238; x_wconf 78' lang='grc' dir='ltr'>θάνατον</span> <span class='ocrx_word' id='word_1_284' title='bbox 511 4171 637 4260; x_wconf 78' lang='grc' dir='ltr'>ἔσχατόν</span> <span class='ocrx_word' id='word_1_285' title='bbox 655 4172 702 4260; x_wconf 84' lang='grc' dir='ltr'>[τι]</span> <span class='ocrx_word' id='word_1_286' title='bbox 718 4184 774 4238; x_wconf 83' lang='grc' dir='ltr'>τῶν</span> <span class='ocrx_word' id='word_1_287' title='bbox 790 4184 901 4240; x_wconf 84' lang='grc' dir='ltr'>κακῶν.</span> <span class='ocrx_word' id='word_1_288' title='bbox 929 4171 980 4239; x_wconf 76' lang='grc' dir='ltr'>ἐὰν</span> <span class='ocrx_word' id='word_1_289' title='bbox 1004 4174 1036 4238; x_wconf 84' lang='grc' dir='ltr'>δὲ</span> <span class='ocrx_word' id='word_1_290' title='bbox 1058 4180 1170 4263; x_wconf 78' lang='grc' dir='ltr'>ποιήσῃ</span> 
     </span>
     <span class='ocr_line' id='line_1_34' title="bbox 98 4275 1170 4370; baseline 0.005 -29"><span class='ocrx_word' id='word_1_291' title='bbox 98 4280 156 4341; x_wconf 88' lang='grc' dir='ltr'>καί</span> <span class='ocrx_word' id='word_1_292' title='bbox 177 4288 233 4366; x_wconf 76' lang='grc' dir='ltr'>τῆς</span> <span class='ocrx_word' id='word_1_293' title='bbox 254 4275 366 4366; x_wconf 78' lang='grc' dir='ltr'>ἡδονῆς</span> <span class='ocrx_word' id='word_1_294' title='bbox 388 4284 626 4368; x_wconf 78' lang='grc' dir='ltr'>καταφρονοῦντα</span> <span class='ocrx_word' id='word_1_295' title='bbox 649 4302 721 4357; x_wconf 87' lang='grc' dir='ltr'>τινα,</span> <span class='ocrx_word' id='word_1_296' title='bbox 744 4284 796 4345; x_wconf 85' lang='grc' dir='ltr'>καὶ</span> <span class='ocrx_word' id='word_1_297' title='bbox 817 4284 892 4366; x_wconf 85' lang='grc' dir='ltr'>πρὸς</span> <span class='ocrx_word' id='word_1_298' title='bbox 914 4282 982 4354; x_wconf 81' lang='grc' dir='ltr'>τοὺς</span> <span class='ocrx_word' id='word_1_299' title='bbox 1003 4285 1109 4355; x_wconf 81' lang='grc' dir='ltr'>πόνους</span> <span class='ocrx_word' id='word_1_300' title='bbox 1126 4286 1170 4370; x_wconf 76' lang='grc' dir='ltr'>μὴ</span> 
     </span>
     <span class='ocr_line' id='line_1_35' title="bbox 99 4383 1170 4476; baseline 0.007 -29"><span class='ocrx_word' id='word_1_301' title='bbox 99 4384 331 4476; x_wconf 80' lang='grc' dir='ltr'>διαβεβλημένον</span> <span class='ocrx_word' id='word_1_302' title='bbox 346 4388 397 4450; x_wconf 85' lang='grc' dir='ltr'>καί</span> <span class='ocrx_word' id='word_1_303' title='bbox 412 4383 472 4472; x_wconf 76' lang='grc' dir='ltr'>κτὲ,</span> <span class='ocrx_word' id='word_1_304' title='bbox 494 4407 554 4454; x_wconf 89' lang='lat' dir='ltr'>nec</span> <span class='ocrx_word' id='word_1_305' title='bbox 569 4385 635 4454; x_wconf 86' lang='lat' dir='ltr'>fere</span> <span class='ocrx_word' id='word_1_306' title='bbox 651 4386 745 4453; x_wconf 84' lang='lat' dir='ltr'>aliter</span> <span class='ocrx_word' id='word_1_307' title='bbox 759 4387 936 4474; x_wconf 77' lang='lat' dir='ltr'>asyndeton</span> <span class='ocrx_word' id='word_1_308' title='bbox 949 4387 1170 4472; x_wconf 87' lang='lat' dir='ltr'>explicativum</span> 
     </span>
    </p>
   </div>
   <div class='ocr_carea' id='block_1_3' title="bbox 0 0 1502 5086">
    <p class='ocr_par' dir='ltr' id='par_1_4' title="bbox 0 0 1502 5086">
     <span class='ocr_line' id='line_1_36' title="bbox 0 0 1502 5086; baseline 0 1"><span class='ocrx_word' id='word_1_309' title='bbox 0 0 1502 5086; x_wconf 95' lang='lat' dir='ltr'> </span> 
     </span>
    </p>
   </div>
  </div>
 </body>
</html>
