2996 5086
527 655 749 717 ..67-

95 849 213 912 κλαίειν
236 850 289 929 45,
309 850 351 911 14
373 849 483 935 θνητός
499 844 609 928 ἐγένετο
633 849 684 911 καὶ
699 845 860 933 ἅνθρωπος
874 849 927 929 46,
947 851 987 910 10
1011 844 1174 932 ἀνδρωδῶς

95 955 347 1040 καὶδαρσαλὲως
361 957 411 1018 καὶ
426 957 469 1041 μὴ
485 956 599 1038 βαρέως
615 957 710 1042 φέρειν
734 952 789 1040 (of.
806 953 919 1018 Hense
934 953 1017 1038 prol.
1033 975 1066 1037 p.
1082 952 1172 1040 XX)

96 1065 155 1144 46,
176 1064 216 1125 13
233 1067 347 1147 μέτριον
371 1057 596 1147 ἐνστενοχωρια
609 1062 662 1124 καὶ
685 1058 793 1145 ἀπορία
816 1064 859 1147 μὴ
876 1059 1074 1126 δυσκολαίνειν
1095 1060 1173 1147 μηδὲ

96 1167 225 1252 ἀβίωτον
248 1171 297 1232 τὀν
320 1170 380 1251 βίον
404 1170 527 1252 νομίζειν
542 1169 597 1250 46,
616 1170 656 1231 15
681 1177 720 1251 τῷ
744 1167 876 1232 δοκοῦντι
899 1177 984 1252 κακῷ
1008 1169 1040 1231 τδ
1064 1167 1172 1232 δοκοῦν

97 1274 219 1357 ἀγαθὸν
242 1271 415 1339 ἀντιτιθέναι
442 1276 494 1337 καὶ
520 1271 632 1347 ἐξισοῦν
656 1276 714 1356 48,
735 1276 758 1338 4
779 1271 888 1357 ἄνδρα,
921 1275 973 1337 καὶ
1004 1269 1038 1337 οῦ
1061 1274 1170 1356 βλᾶκα.

96 1383 240 1449 fortasse
262 1382 324 1446 huc
347 1380 508 1447 rettulerit
532 1381 687 1465 quispiam
705 1381 801 1447 etiam
816 1380 880 1446 alia
902 1379 1030 1447 anobis
1054 1381 1171 1446 omissa

95 1489 188 1556 velut
212 1493 324 1572 28,12
348 1487 529 1574 ἀρκοῦμενος
552 1497 611 1560 τοῖς
634 1496 767 1571 παροῦσι,
797 1498 853 1552 τῶν
876 1485 1007 1553 ἀπόντων
1030 1483 1085 1551 οῦκ
1108 1484 1171 1550 ἑπι-

96 1599 215 1682 θυριῦν,
232 1606 292 1669 τοῖς
305 1598 519 1682 συμβεβηκόσιν
531 1591 565 1659 οῦ
579 1595 773 1678 δυσαρεστιῦν,
785 1594 841 1660 ubi
856 1594 946 1660 notio
963 1594 1060 1660 animi
1074 1593 1171 1660 rebus

97 1704 248 1770 contenti
276 1703 418 1769 variatur
451 1703 626 1786 insigniter.
662 1702 720 1767 sed
748 1702 813 1768 iam
843 1702 921 1768 satis
952 1701 992 1766 de
1021 1700 1171 1768 ubertate

98 1810 271 1894 scriptoris
294 1815 328 1876 et
350 1807 557 1892 abundantia,
581 1830 665 1874 nunc
688 1808 850 1874 videamus
873 1808 913 1875 de
937 1808 1103 1874 brevitate.

167 1937 207 1982 ac
235 1915 375 1983 brevitas
403 1936 441 1981 eo
466 1917 617 1999 cernitur,
649 1915 738 2001 quod
764 1915 852 1981 haud
881 1936 955 1981 raro
987 1937 1086 1981 unum
1114 1921 1172 1981 aut

96 2024 196 2108 plura
217 2023 374 2090 vocabula
396 2023 557 2090 audienda
580 2029 664 2104 sunt,
689 2023 777 2106 quod
792 2021 920 2088 dicendi
935 2043 1034 2106 genus
1050 2021 1168 2105 ellipsis

96 2130 232 2196 notione
256 2129 523 2214 comprehendere
546 2130 661 2197 solent.
691 2129 788 2213 paulo
817 2128 1005 2194 insolentius
1033 2134 1082 2194 est
1104 2128 1168 2194 hoc

97 2235 282 2320 exemplum
297 2236 385 2320 quod
400 2237 517 2321 legitur
535 2241 586 2318 32,
607 2241 661 2301 14:
685 2236 802 2323 πολλῆς
816 2236 873 2320 (sc.
891 2235 960 2323 γῆς)
976 2232 1167 2322 ἐπάρχοντες.

96 2344 157 2410 sed
171 2345 235 2410 iam
247 2343 409 2410 Homerus
425 2350 570 2433 τραφερήν
585 2342 683 2410 habet
698 2350 805 2410 terrae
819 2343 946 2409 nomine
961 2364 1026 2408 non
1043 2342 1167 2409 addito.

97 2450 139 2516 cf.
162 2450 335 2536 Lycophro
366 2473 394 2515 v.
410 2454 475 2516 408
504 2449 606 2515 ἅπασα
629 2448 744 2537 δ’ἀλγη
769 2449 880 2524 δέξεται
895 2453 1077 2535 κωκυμάτων
1099 2449 1121 2514 i.
1139 2470 1166 2514 e.

95 2556 202 2622 ἅπασα
217 2555 237 2645 ἡ
253 2568 290 2645 γῆ
302 2557 471 2641 Euphorio
484 2559 523 2624 fr.
540 2562 581 2622 78
592 2557 693 2638 Mein.
710 2557 865 2645 ροιταλέος
878 2553 904 2621 δ’
915 2555 972 2621 ἀνὰ
983 2566 1080 2622 πᾶσαν
1092 2555 1167 2643 ἄδην

96 2663 228 2752 ἐπάτησε
242 2666 381 2750 κοθόρνῳ
396 2665 417 2733 i.
435 2687 462 2730 e.
486 2675 583 2729 πᾶσαν
599 2675 663 2752 γῆν.
687 2663 765 2729 talia
781 2663 912 2746 collegit
927 2685 1029 2747 nuper
1043 2661 1167 2728 Kaibel

95 2771 212 2836 Herm.
237 2770 349 2836 XXII
371 2793 403 2856 p.
428 2775 490 2837 507
522 2792 656 2836 monens
687 2769 824 2836 fortasse
854 2769 951 2836 etiam
980 2767 1168 2836 Callimachi

95 2899 225 2943 versum
247 2878 279 2942 h.
303 2878 377 2945 Del.
403 2883 467 2943 266
490 2883 578 2943 recte
601 2877 756 2943 traditum
780 2897 859 2943 esse.
887 2877 920 2942 iu
942 2875 1166 2960 gubernatoris

95 2990 207 3050 antem
230 2983 316 3050 dicto
340 2987 393 3066 48,
412 2990 431 3050 2
456 2986 560 3057 καλῶς
583 2987 615 3048 τδ
639 2993 689 3048 τοῦ
708 2987 884 3071 κυβερνήτου
908 2979 985 3046 (ἀλλ’
1008 2979 1056 3048 οῦν
1074 3006 1117 3065 γε,
1141 2981 1165 3046 ὦ

95 3090 250 3167 Πόσειδον,
274 3086 378 3178 ὀρδήν’
400 3090 487 3156 haud
511 3089 683 3156 difficulter
698 3094 804 3157 mente
828 3089 995 3172 suppletur
1014 3092 1065 3176 τὴν
1087 3097 1166 3166 ναῦν,

93 3217 202 3280 neque
217 3195 315 3262 verbo
329 3217 410 3279 opus
427 3201 496 3262 erat
507 3195 592 3262 unde
603 3195 760 3279 penderet
772 3196 985 3261 accusativus:
1003 3199 1165 3278 Neptune,

95 3324 274 3385 autequam
304 3305 390 3368 banc
417 3323 533 3368 navem
561 3309 777 3368 mistrectum
810 3298 934 3368 Seneca
957 3322 1007 3384 ep.
1032 3304 1085 3382 85,
1111 3304 1164 3365 33.

97 3411 140 3476 cf.
161 3431 244 3494 quae
268 3409 434 3475 adnotavit
456 3409 578 3474 Hense.

165 3537 315 3600 spurcum
331 3537 448 3582 nomen
465 3514 719 3581 subaudiendum
735 3514 864 3600 reliquit
879 3513 911 3578 in
926 3513 975 3578 his
988 3516 1042 3596 45,
1055 3515 1077 3576 4
1092 3511 1166 3577 ἀνα-

94 3628 245 3711 συραμένη
260 3626 311 3687 καὶ
327 3622 446 3696 δείξασα
461 3619 567 3694 αὐτοῖς.
591 3622 706 3706 quibus
722 3620 848 3690 collatis
864 3618 915 3708 τὴν
931 3621 1055 3697 κοιλίαν,
1078 3619 1166 3703 quod

94 3729 221 3796 addunt
242 3729 315 3795 libri
332 3728 568 3794 Ps.-Plutarchi
590 3728 745 3812 apophth.
769 3727 850 3793 Lac.
874 3748 906 3810 p.
925 3729 986 3791 241
1005 3726 1036 3790 Β
1053 3723 1089 3807 γ’,
1113 3725 1165 3792 de·

93 3836 225 3902 lendum
249 3857 318 3902 esse
340 3835 576 3903 intellexerunt.
612 3835 790 3901 subiectum
821 3838 928 3899 mente
952 3831 1164 3916 supplendum

95 3949 148 4011 est
170 3946 292 4026 25,13,
317 3942 404 4026 quod
419 3943 543 4008 notavit
555 3942 681 4008 editor.
714 3941 815 4006 multo
832 3945 939 4006 autem
962 3939 1058 4005 letius
1074 3943 1165 4023 patet

95 4049 216 4132 ellipsis
246 4048 380 4115 verbi.
420 4046 523 4134 ἐστί(ν)
551 4049 599 4114 ita
628 4068 725 4131 saepe
758 4047 917 4113 omittitur
947 4053 985 4112 ut
1013 4067 1165 4112 numeros

93 4157 282 4244 apposuisse
311 4157 389 4222 satis
416 4156 567 4222 habeam:
600 4159 708 4239 1,12‚
739 4159 773 4238 5,
799 4159 829 4219 5.
858 4159 908 4218 13.
928 4158 972 4236 ,8,
1000 4156 1166 4234 14-9,4

93 4266 223 4349 passim.
242 4268 292 4346 10,
309 4269 340 4328 s.
359 4268 410 4327 10.
429 4268 481 4346 ra,
501 4266 551 4327 ιι.
572 4265 623 4346 17,
642 4267 692 4329 ιι.
713 4266 763 4345 rs,
782 4265 810 4326 a.
828 4266 859 4325 s.
880 4263 931 4325 14.
951 4263 1003 4340 rs,
1017 4264 1048 4324 a.
1066 4264 1118 4342 ευ,
1131 4262 1162 4324 4.

95 4374 149 4453 τι,
168 4375 198 4436 3.
213 4374 242 4436 a.
256 4375 287 4438 a.
304 4374 355 4434 10.
372 4374 426 4452 τι,
440 4373 492 4434 ιυ.
509 4374 562 4451 aa,
577 4373 606 4432 1.
625 4371 677 4451 ar,
690 4370 721 4432 4.
742 4371 793 4432 ιο,
812 4371 866 4449 aa,
880 4371 931 4436 ιτ.
950 4369 1002 4449 aa,
1016 4371 1046 4430 ι.
1065 4368 1116 4448 34,
1132 4368 1162 4428 s.

949 4489 986 4546 5.
