2996 5086
767 574 987 636 ...32-

344 768 429 844 37‚8
446 785 495 850 μοι
512 765 645 830 δοκοῦσιν
663 769 715 848 36,
732 768 781 829 10.
814 767 1011 832 constructio
1028 765 1107 833 haec
1124 771 1188 849 5,8
1205 765 1263 848 ἐγὼ
1281 772 1337 853 μέν
1360 772 1422 852 γὰρ

341 867 422 954 <ἂν>
444 870 524 935 δοκῶ
546 869 665 960 ἄφωνος
688 875 825 953 γενέσθαι
848 879 882 937 et
895 872 951 938 illa
975 877 1028 955 35,
1047 876 1086 938 11
1112 871 1170 954 ἐγώ
1193 896 1244 960 μοι
1269 874 1357 937 δοκῶ
1372 923 1380 937 .
1396 925 1426 942 ..

341 982 461 1064 γράψειν
485 1000 549 1062 quo
573 979 669 1045 modo
688 979 773 1046 inter
794 1000 829 1044 se
848 978 996 1045 differant
1011 1001 1075 1046 non
1090 981 1207 1046 attinet
1224 980 1427 1063 explicatius

341 1105 511 1169 exponere,
528 1085 599 1151 vide
615 1084 739 1169 Krueg.
755 1088 807 1166 51,
822 1091 852 1168 2,
873 1090 901 1151 l.
917 1087 1068 1152 notabilis
1085 1092 1135 1153 est
1148 1086 1289 1153 formula
1303 1092 1360 1169 29,
1381 1092 1424 1152 11

341 1189 382 1263 ὡς
413 1190 506 1258 έοικεν
539 1193 623 1278 (vide
646 1192 759 1259 Hense
782 1192 853 1259 Tel.
876 1214 908 1276 p.
925 1193 1151 1278 XXXVIH).
1199 1193 1257 1259 sed
1292 1194 1428 1276 legitur

341 1301 432 1379 24,4
459 1295 517 1386 οὐχ
546 1297 618 1384 ὁρᾷς
641 1297 733 1372 ἐνίους
756 1305 954 1387 κεκτημένους
982 1304 1036 1387 μέν
1065 1302 1163 1365 πολλὰ
1191 1299 1233 1372 ὡς
1263 1301 1428 1378 δοκοῦσιν,

340 1427 405 1488 qua
428 1404 468 1470 de
491 1412 655 1472 structura
678 1406 718 1472 cf.
742 1405 868 1491 Krueg.
894 1411 946 1490 55,
962 1410 994 1490 4,
1013 1411 1042 1474 3.
1089 1411 1247 1496 μαίνεσθαι
1278 1408 1428 1473 verbum

342 1519 398 1578 aut
429 1514 641 1580 nominativus
670 1535 742 1580 cum
769 1513 925 1580 infinitivo
949 1516 1122 1581 comitatur
1144 1520 1201 1581 aut
1224 1515 1287 1580 soli
1312 1519 1426 1582 uomi-

339 1620 453 1686 nativi:
479 1623 623 1706 exempla
646 1620 787 1687 exhibita
810 1626 883 1686 sunt
905 1622 972 1687 ind.
996 1643 1063 1688 voc.
1087 1645 1118 1706 p.
1136 1625 1191 1686 85.

405 1748 510 1810 neque
533 1733 716 1793 structurae
739 1728 908 1794 verborum
931 1728 1067 1812 dicendi,
1091 1728 1231 1812 iubendi,
1257 1729 1423 1794 similium

339 1834 563 1901 consuetudini
586 1835 772 1901 Atticorum
803 1835 970 1919 differunt,
1000 1836 1062 1900 vid.
1086 1836 1152 1902 iud.
1176 1839 1246 1901 voc.
1272 1857 1298 1900 s.
1333 1837 1422 1917 λέγω

337 1946 412 2030 φημί
439 1945 561 2007 κελεάω.
607 1949 788 2009 structurae
818 1943 928 2027 quoles
956 1949 1032 2009 sunt
1064 1948 1185 2028 πότερον
1219 1951 1271 2007 τοῦ
1307 1940 1420 2028 ἰατροῦ

336 2045 422 2122 εἶπας
444 2046 479 2114 ἂν
503 2048 615 2122 ὄνειδος
637 2053 688 2114 καὶ
711 2048 874 2138 ἀκλήρημα
896 2059 980 2114 τοῦτο
1004 2047 1023 2136 ἢ
1046 2061 1101 2115 των
1124 2048 1270 2136 ἑλομένων
1299 2053 1417 2132 18,11

336 2155 453 2222 similes
485 2156 566 2223 adeo
591 2157 735 2241 vulgares
768 2163 852 2240 sunt,
884 2162 921 2222 ut
950 2157 1069 2223 fusiore
1098 2156 1313 2241 explicatione
1347 2178 1418 2221 non

335 2261 510 2346 indigeant,
534 2264 605 2330 vide
628 2264 756 2348 Krueg.
780 2267 833 2346 55,
850 2267 882 2347 4,
900 2267 931 2332 4.
971 2265 1058 2329 εἰπεῖν
1081 2261 1122 2336 ὡς
1136 2313 1143 2328 .
1158 2311 1188 2327 ..
1211 2266 1415 2350 μετατίθησιν

334 2345 450 2454 legitur
473 2376 525 2453 26,
540 2376 559 2435 9
583 2373 676 2454 λέγων
700 2369 742 2436 ὅτι
756 2423 763 2439 .
779 2419 807 2435 .,
833 2367 959 2457 ὑπάρχει
984 2374 1036 2453 35,
1057 2376 1073 2435 7
1103 2369 1412 2451 ἀπαγγείλαντος...

335 2473 441 2545 ὅτι...
466 2479 650 2567 recalent-pne
673 2480 793 2560 4412.
840 2480 891 2540 καὶ
914 2474 1081 2550 ὀνειδίζουσι
1104 2480 1157 2564 μὲν
1179 2474 1288 2544 ὅτι...
1320 2481 1412 2558 19,8

334 2588 399 2666 (20,
413 2585 449 2671 4)
466 2584 505 2650 cf.
522 2584 646 2670 Krueg.
662 2589 713 2668 65,
731 2589 759 2666 1,
773 2588 805 2652 4.
842 2584 960 2650 obiecti
983 2605 1079 2668 quam
1102 2583 1214 2650 dicunt
1235 2583 1413 2668 prolepsin

333 2690 366 2754 in
389 2692 493 2757 verbis
516 2690 706 2779 ἐγκωμιάζων
728 2693 821 2775 λέγειν
845 2694 893 2757 τὸν
911 2689 1072 2756 Ἐτεοκλέα
1088 2691 1159 2755 διότι
1173 2742 1180 2759 .
1195 2742 1224 2759 ..
1241 2687 1352 2779 ἐνδεὴς
1375 2689 1412 2778 ἡν

333 2797 471 2882 explicat
493 2798 645 2882 Krueger
669 2802 721 2883 61,
736 2803 765 2880 6,
779 2802 811 2867 2.

398 2927 463 2971 non
496 2907 710 2972 necessarium
744 2906 853 2990 putavi
886 2905 919 2971 in
953 2904 1171 2988 superioribus
1203 2903 1408 2988 distinguere

332 3015 530 3080 accusativos
554 3036 626 3080 eum
648 3013 803 3079 infinitivo
824 3019 857 3078 et
876 3013 1087 3079 nominativos
1104 3018 1137 3078 et
1154 3011 1289 3081 dativus.
1327 3034 1406 3077 con-

332 3123 455 3205 spirant
479 3124 562 3188 enim
578 3122 700 3189 Telelis
716 3124 857 3188 rationes
875 3143 947 3187 cum
962 3120 1162 3188 Atticorum.
1198 3120 1295 3185 etiam
1318 3141 1407 3203 quae

330 3228 508 3311 praedicati
530 3231 598 3296 vice
622 3229 781 3296 accedunt
803 3229 963 3295 infinitivis
987 3228 1128 3310 nomina,
1152 3226 1340 3292 adiciuntur
1366 3249 1406 3292 ex

330 3357 444 3402 norma
466 3339 606 3422 syntaxis
628 3336 771 3419 Atticae,
795 3336 937 3402 velutin
961 3339 1124 3401 structura
1152 3334 1213 3399 hac
1237 3337 1303 3417 8,2
1334 3331 1353 3397 ὅ
1378 3358 1403 3397 τι

330 3440 365 3506 ἂν
397 3445 493 3529 θέλῃς
525 3442 637 3518 ἐξέσται
670 3465 715 3508 σοι
746 3443 884 3528 ἀνωδίινιρ
919 3441 977 3508 ὄντι
1010 3450 1100 3508 ποιεῖν
1134 3440 1254 3507 nemini
1288 3441 1404 3523 ignota

330 3550 468 3637 (Krueg.
487 3555 538 3634 55,
553 3557 582 3634 2,
598 3554 642 3639 5).

395 3659 574 3743 particulae
596 3657 671 3724 ὥστε
694 3658 791 3725 semel
814 3659 1000 3742 adiungitur
1022 3657 1186 3740 optativus
1209 3655 1400 3740 potentialis

332 3765 480 3842 1‚1on’
505 3767 521 3830 ὃ
546 3765 572 3830 δ’
598 3764 630 3831 εὖ
652 3770 745 3851 βιοῦσι
767 3777 895 3852 κρεῖττον
926 3763 946 3852 ἢ
975 3762 1012 3828 δι’
1039 3765 1056 3828 ὃ
1083 3769 1135 3851 μή·
1164 3762 1240 3827 ὥστε
1268 3771 1401 3848 κρεῖττον

328 3869 448 3961 μαίνοιτ’
466 3871 501 3940 ἂν
524 3878 557 3939 τὸ
573 3872 689 3956 ἀγαθὸν
705 3871 777 3938 εἶναι
796 3883 847 3939 τοῦ
864 3874 968 3950 δοκεῖν,
994 3874 1110 3938 ceteris
1125 3872 1206 3938 locis
1221 3869 1399 3936 infinitivus

327 3980 381 4067 (of.
397 3980 521 4066 Krueg.
540 3986 592 4066 65,
607 3984 654 4069 3);
681 3986 732 4065 12,
751 3986 770 4047 6
794 3980 941 4046 έκάθεοδε
963 3983 1093 4066 βαθέως,
1124 3978 1199 4044 ὥστε
1226 3979 1316 4065 μόλις
1339 3978 1399 4040 διε-

326 4097 418 4174 γεῖραι
441 4094 503 4154 τινά
521 4093 571 4173 13,
586 4094 604 4155 2
622 4087 646 4153 ὢ
662 4100 716 4178 τῆς
731 4093 925 4176 παρανομίας,
942 4087 1016 4153 ὥστε
1031 4090 1122 4172 παίει-ρ
1138 4092 1263 4174 πάσχειν
1285 4091 1340 4168 32,
1356 4088 1396 4149 13

326 4192 354 4260 οἱ
376 4197 581 4280 βασιλεῖς...
605 4193 689 4262 οὐδέν
708 4194 794 4284 ἦττον
817 4200 1008 4272 σπανίζουσιν,
1032 4192 1107 4258 ὥστε
1127 4197 1179 4258 καὶ
1194 4197 1395 4280 τομβωροχεῖν

325 4307 376 4366 καὶ
399 4300 553 4390 ἱεροσολεῖν
576 4301 637 4368 κτὲ.
685 4307 774 4386 35,8
798 4306 921 4369 πλοῦτόν
941 4326 971 4367 τε
992 4306 1048 4386 γὰρ
1064 4304 1199 4368 πλεῖστον
1215 4299 1304 4366 αὐτὸν
1319 4302 1394 4388 ἔχειν
