2996 5086
753 590 974 650 ...10-

328 790 431 843 ποτῶν.
477 779 534 844 sed
564 780 726 844 sciendum
757 785 807 845 est
836 782 868 844 in
896 802 1006 846 eorum
1033 780 1204 846 verborum
1219 781 1320 845 'classi
1347 782 1418 845 oui

328 897 426 974 πεινῆν
456 892 489 951 et
519 888 603 974 διψῆν
634 886 883 953 adnumerantur
914 910 934 953 a
962 888 1177 971 grammaticis
1207 909 1273 953 non
1309 888 1417 953 nulla

328 994 462 1076 reperiri
486 1016 567 1077 quae
595 994 767 1060 admittant
795 996 891 1060 etiam
919 996 1143 1074 accusativum,
1175 995 1245 1060 vide
1268 994 1414 1078 Krueg.

329 1104 382 1183 47,
402 1105 443 1165 14
464 1101 537 1167 adn.
564 1106 593 1168 3.
617 1105 649 1168 4.
677 1105 705 1165 5.
746 1108 778 1166 et
802 1102 895 1185 quale
920 1101 1123 1168 obversatum
1145 1102 1242 1167 fuerit
1264 1101 1414 1168 verbum

329 1206 433 1272 Teleti
455 1206 504 1271 vel
527 1207 621 1273 Bioni
645 1229 717 1272 curn
740 1208 895 1274 scriberet
917 1207 972 1273 illa
994 1207 1013 1295 ἢ
1043 1220 1127 1292 πεινᾷ
1156 1232 1198 1280 τις
1227 1209 1413 1273 πλακοῦντα

329 1311 398 1395 κτέ,
423 1312 514 1378 facile
538 1315 725 1398 assequeris,
750 1317 776 1380 si
792 1316 894 1380 vicina
909 1315 988 1381 haec
1005 1315 1178 1398 perlegeris
1198 1319 1248 1379 καὶ
1268 1312 1285 1379 ό
1306 1316 1411 1401 διψῶν

328 1417 433 1507 ἥδιστα
462 1425 534 1485 πίνει
563 1425 613 1485 καί
642 1419 749 1507 ἧκιοτα
779 1425 810 1485 τδ
841 1427 883 1509 μῆ
912 1426 1004 1506 παρόν
1028 1426 1114 1486 ποτὸν
1143 1421 1345 1508 &vesperem
1379 1421 1409 1508 ἢ

328 1539 411 1611 πεινᾷ
433 1550 475 1599 τις
498 1529 667 1592 πλακοῦντα
691 1526 710 1615 ἢ
735 1529 805 1615 διψᾷ
828 1528 917 1605 Χῖον;
948 1525 1014 1592 ἀλλ’
1038 1525 1072 1592 oi>
1100 1538 1190 1593 ταῦτα
1214 1529 1263 1593 διὰ
1285 1533 1409 1616 τροφὴν

329 1638 504 1721 ζητοῦσιν
527 1633 697 1718 δίνδρωποις
721 1634 761 1699 cf.
787 1633 897 1718 steph.
922 1635 1005 1703 thes.
1029 1636 1065 1700 II
1087 1659 1118 1720 p.
1141 1639 1222 1700 1587
1248 1657 1295 1718 sq.

396 1738 460 1806 Sed
492 1742 555 1806 iam
589 1742 787 1824 pervenimus
820 1742 861 1807 ad
892 1743 1136 1825 genetivum.
1184 1742 1223 1808 de
1247 1743 1405 1826 genetivo

328 1848 497 1930 temporali
520 1851 629 1931 θέρους
654 1851 720 1928 5,5
752 1857 801 1911 τοῦ
831 1851 941 1932 θέροος
972 1853 1039 1930 5,6
1070 1849 1141 1914 vide
1172 1869 1268 1932 supra
1290 1871 1322 1933 p.
1343 1853 1402 1916 12.

395 1954 558 2037 genetivus
571 1954 808 2019 exclamationis
820 1955 938 2039 legitur
953 1955 1173 2021 interiectione
1185 1955 1296 2021 addita
1310 1957 1363 2035 13,
1379 1961 1403 2018 2

329 2059 352 2124 ὢ
376 2071 429 2148 τῆς
452 2066 646 2147 παρανομίας,
672 2063 712 2127 cf.
736 2061 860 2147 Krueg.
884 2067 939 2146 47,
958 2069 987 2142 3,
1006 2068 1036 2127 2.

395 2169 533 2251 genetivi
557 2169 611 2252 qui
626 2174 760 2235 vocatur
783 2170 923 2236 absoluti
939 2170 1070 2257 (Krueg
1096 2174 1151 2252 47,
1168 2170 1202 2253 4)
1218 2168 1401 2253 adferatur,

328 2279 365 2339 ut
398 2275 461 2340 alia
491 2296 575 2340 nunc
600 2278 802 2356 omittantur,
832 2277 1009 2362 exemplum
1039 2277 1116 2342 hoc:
1150 2281 1246 2357 43,6
1271 2273 1310 2341 ὧν
1338 2281 1401 2360 γὰρ

328 2379 515 2466 ὑπαρξάντων
539 2382 691 2468 ἄνθρωποι
715 2385 879 2461 λυποῦνται,
909 2385 966 2450 sed
996 2385 1103 2468 pergit
1131 2384 1270 2466 scriptor
1296 2383 1402 2466 parti-

329 2489 412 2572 cipio
438 2490 608 2555 coniuncto
633 2513 708 2556 usus
732 2495 847 2555 τοόιων
861 2489 890 2555 ἐν
913 2491 1077 2575 προοδοκίᾷ
1100 2496 1246 2576 γενόμενοι
1270 2494 1401 2579 φοβοῦν-

327 2618 373 2658 ται
403 2594 461 2659 κτέ.
508 2597 556 2661 sui
586 2595 624 2661 fit
654 2598 731 2662 iuris
763 2598 935 2681 genetivus,
972 2619 1164 2682 quamquam
1192 2597 1401 2680 participium

328 2703 424 2767 etiam
441 2704 559 2788 dativo,
577 2705 630 2788 qui
646 2706 679 2770 in
695 2705 807 2770 eodem
823 2705 939 2788 legitur
955 2705 1131 2787 enuntiato,
1153 2704 1227 2770 addi
1242 2710 1402 2787 potuerat

330 2813 414 2892 las
438 2809 458 2897 ἢ
479 2809 513 2875 οὐ
533 2813 656 2883 πολλοῖς
676 2811 768 2900 ὤφθη
790 2815 826 2875 τὰ
845 2818 1004 2898 πράγματα
1023 2815 1101 2875 κατά
1121 2817 1172 2898 τῆν
1188 2823 1243 2875 των
1259 2813 1400 2876 τοιοότων

327 2914 447 3002 ὕπαρξιν
470 2916 680 3008 ἐπιφανέστερα
702 2924 840 3001 γεγονότα
863 2920 1000 3007 φυγάδων
1016 2924 1189 3006 γενομένων;
1212 2918 1399 2983 liberiorem

327 3024 409 3090 hanc
434 3027 581 3110 syntaxin
603 3025 743 3091 illustrat
766 3026 919 3109 Krueger
941 3030 995 3109 47,
1012 3030 1043 3110 4,
1062 3032 1091 3094 2.

394 3134 558 3216 genetivus
589 3133 708 3217 pendet
738 3133 778 3199 ab
810 3133 936 3199 articuli
966 3155 1081 3218 genere
1108 3138 1224 3199 neutro
1254 3132 1394 3218 (Krueg.

328 3242 380 3321 47,
399 3244 428 3320 5,
450 3242 501 3324 ιο)
526 3245 557 3323 ο,
576 3245 615 3304 15
640 3245 676 3304 aa
699 3251 749 3304 ιω
772 3247 848 3324 κω,
873 3241 1015 3306 simliter
1039 3244 1092 3323 κο,
1111 3244 1139 3307 5.
1168 3244 1218 3322 14,
1239 3245 1267 3304 ι.
1290 3245 1342 3321 48,
1362 3246 1392 3304 a.

393 3345 547 3412 infinitivo
578 3347 713 3413 subiecti
742 3350 809 3413 vice
839 3347 985 3430 fungenti
1016 3347 1145 3412 additur
1174 3347 1337 3430 genetivus
1361 3348 1393 3411 in

327 3453 375 3517 his
401 3457 452 3535 33,
472 3458 488 3516 7
513 3467 553 3538 τᾷ
578 3453 635 3518 όντι
658 3460 734 3541 μέγα
757 3458 807 3518 καί
831 3453 982 3536 ἀξιόλογον
1006 3458 1056 3518 καί
1078 3461 1176 3543 πῆρας
1199 3458 1250 3517 καί
1273 3457 1393 3539 δέρριον

326 3564 377 3624 καί
404 3562 543 3646 λαχάνων
570 3565 621 3625 καί
650 3559 756 3634 όδατος
782 3565 863 3644 <τδ>
890 3562 1015 3649 μηδενὸς
1048 3565 1203 3650 φροντίζειν
1233 3558 1299 3624 ἀλλ’
1322 3558 1396 3626 εἶναι

326 3666 500 3732 ἀθώπεοτον
534 3672 585 3732 καί
617 3668 825 3734 ἀκολάκευτον.
872 3668 911 3733 of.
935 3668 1061 3752 Krueg.
1084 3673 1139 3751 47,
1157 3673 1186 3749 6,
1204 3673 1233 3732 8.
1280 3667 1319 3732 de
1346 3669 1395 3732 in-

327 3775 461 3841 serendo
497 3775 634 3840 articulo
671 3776 741 3840 vide
780 3798 862 3860 quae
899 3775 1035 3841 monebo
1068 3775 1160 3840 infra.
1200 3775 1301 3839 άκοόω
1333 3775 1396 3841 sibi

326 3880 465 3946 adsumit
498 3884 678 3963 genetivum
707 3884 753 3948 rei
785 3887 834 3964 12,
855 3886 891 3946 11
923 3881 1023 3946 ὰκοόιό
1054 3880 1151 3966 ὥσπερ
1179 3887 1273 3969 χηνός
1302 3886 1393 3962 5,12

326 3999 426 4076 φωνῆς
449 3987 609 4077 ἀκηκοέναι
632 3994 740 4061 κακίας
763 3987 868 4077 ἑαοτῆν
891 3987 1072 4076 αἰτιωμένης.

392 4093 567 4181 ἐπιμέλομαι
588 4103 620 4161 et
636 4101 776 4185 φροντίζω
801 4119 871 4162 curn
887 4118 968 4181 puro
986 4118 1062 4161 casu
1078 4097 1179 4180 iungit
1194 4095 1289 4162 Tales
1304 4101 1357 4178 46,
1375 4102 1390 4161 1

325 4214 380 4268 των
403 4203 511 4268 λοιπῶν
535 4201 744 4289 ἐπιμελόμενος
763 4209 813 4285 12,
832 4210 852 4269 8
873 4203 1011 4291 κάκείνης
1025 4207 1143 4291 βοάοης
1159 4200 1214 4266 οόκ
1230 4201 1392 4291 ἐφρόντιζεν

327 4315 378 4392 33,
396 4314 415 4373 8
439 4313 472 4373 τδ
494 4311 621 4398 μηδενὸς
644 4315 809 4398 φροντίζειν,
832 4311 1102 4396 praepositionem
1118 4309 1209 4375 addit
1224 4313 1289 4394 περί
1306 4314 1357 4392 36,
1372 4316 1392 4374 2
