2996 5086
421 599 422 602 ‘
509 637 729 698 -aa-

87 829 159 896 ὥστε
184 832 325 896 δαπανᾶν.
373 829 465 896 facile
489 829 680 896 subauditur
694 829 864 895 infinitivus
880 829 912 894 in
927 828 976 894 his
995 829 1079 912 10,8
1099 827 1151 893 καί

86 935 149 1001 οὔτε
172 934 399 1022 raimboldus,
429 934 504 1000 ὥστε
532 947 571 1020 τῷ
598 937 714 1020 πλοίιτῳ
741 933 917 1020 ἐλευθερίως
939 939 991 1000 καί
1013 934 1150 1024 ἀφόρτως

87 1043 145 1128 (sc.
161 1042 321 1131 χρῆσθαι),
346 1039 410 1106 οὔτε
433 1040 544 1128 έντίνῳ,
561 1040 635 1106 ὥστε
655 1045 738 1128 <τγγ>
755 1046 837 1126 πενία
859 1047 1005 1124 γενναίως.
1034 1041 1151 1125 ellipsis

86 1173 185 1234 genus
208 1152 309 1217 multo
334 1151 442 1216 durius
466 1155 540 1234 post
563 1148 637 1214 dore
657 1149 849 1233 particulam
872 1150 999 1216 admitti
1019 1150 1060 1214 ab
1076 1149 1151 1213 Ari-

85 1259 200 1324 stotele
214 1256 435 1342 comprobavit
444 1257 571 1327 Vahlen
584 1262 753 1322 comment.
778 1256 817 1324 de
833 1263 903 1323 arte
916 1257 1044 1340 poetica
1058 1256 1152 1322 libri³

85 1387 115 1448 p.
141 1370 217 1432 280.
264 1371 405 1432 ceterum
430 1386 501 1430 cum
525 1364 645 1430 Teletis
674 1364 818 1448 exemplo
847 1368 922 1446 apte
950 1361 1151 1447 comparabis

85 1471 171 1538 Xen.
189 1493 316 1556 apomn.
334 1473 352 1537 I
370 1476 399 1555 3,
417 1477 436 1536 6
461 1473 477 1536 δ
500 1481 560 1544 τοῖς
582 1474 728 1544 πλείστοις
743 1468 956 1556 ἐργωδέστατόν
972 1467 1055 1547 έστιν,
1077 1467 1151 1534 ὥστε

84 1581 276 1668 φυλάξασθαι
299 1577 372 1656 ιιτέ.,
401 1578 457 1645 ubi
479 1579 669 1664 particulam
691 1578 811 1644 frustra
832 1578 1012 1663 nuperrime
1037 1577 1150 1644 sollici-

84 1687 162 1752 tavit
187 1687 215 1751 Ι.
231 1687 259 1750 Ι.
277 1685 440 1752 Hartman
460 1687 543 1752 anal.
559 1685 649 1752 ch.
665 1709 697 1771 p.
718 1691 790 1750 158.
821 1686 939 1769 legitur
954 1686 1050 1751 etiam
1066 1683 1152 1768 apud

83 1793 255 1860 Platonem
274 1793 407 1876 Protag.
423 1815 456 1876 p.
475 1792 581 1858 3380
604 1793 745 1859 ἀδίνατον
768 1790 832 1880 ὑμῖν
856 1791 931 1857 ὥστε
954 1791 1152 1877 Πρωταγόρου

84 1902 168 1965 τοῦδε
185 1905 351 1989 σορώτερόν
366 1923 428 1966 τινα
444 1897 577 1978 ἑλέσθαι,
594 1921 658 1985 quo
673 1900 744 1966 loco
761 1899 902 1966 ἀδίνατον
918 1897 991 1980 <ὂν>
1008 1896 1073 1985 ὑμῖν
1090 1898 1152 1962 ἴστε

84 2009 164 2074 scite
182 2028 258 2073 sane
274 2007 331 2072 sed
347 2006 505 2090 superflue
521 2006 702 2091 temptabat
714 2006 872 2076 Badham.
897 2007 994 2072 immo
1010 2006 1090 2072 haec
1106 2006 1151 2070 in-

83 2117 186 2182 vicem
198 2136 232 2180 se
245 2120 429 2182 sustentant
441 2114 595 2200 exempla,
609 2114 649 2179 of.
660 2113 793 2199 Madvig
801 2114 905 2198 ερνιι.ί
917 2136 949 2197 p.
964 2116 1027 2178 144
1037 2113 1111 2180 adn.
1122 2116 1152 2176 1.

151 2223 251 2289 semel
274 2223 420 2306 denique,
444 2228 482 2288 ut
504 2223 546 2288 ad
562 2222 707 2288 Teletem
730 2227 882 2304 revertar,
906 2221 1092 2304 legitur43,
1112 2222 1152 2283 13

83 2328 156 2416 ὅπερ
187 2332 231 2394 δεῖ
257 2333 316 2413 τδνΙ
334 2335 478 2418 μακάριον
502 2327 586 2406 εἶναι,
610 2328 698 2394 ὥστε
722 2327 779 2396 οὖν
803 2335 876 2417 μήτε
899 2326 946 2392 έπί
969 2329 1055 2417 φίλου
1078 2333 1153 2415 μήτε

84 2435 130 2501 ἐπὶ
162 2442 265 2502 τέννοο
294 2439 414 2523 τελεοτρ
445 2437 617 2524 λοπηδῆναι
646 2458 712 2503 non
741 2437 808 2502 sine
837 2435 987 2520 singulari
1014 2433 1153 2518 quadam

84 2545 241 2610 sermonis
265 2543 473 2610 abundantia.

150 2671 256 2734 pauca
284 2649 403 2717 addere
432 2649 511 2715 libet
544 2648 584 2714 de
616 2647 772 2716 infinitivo
804 2670 876 2714 cum
910 2648 1045 2715 articulo
1079 2669 1153 2713 con-

83 2758 205 2823 iuncto.
229 2762 326 2842 atque
341 2757 375 2822 in
390 2757 572 2822 universum
587 2755 779 2821 monendum
799 2761 848 2822 est
864 2760 896 2821 et
910 2755 1011 2820 multa
1027 2760 1152 2820 exstare

83 2866 178 2931 huius
200 2864 346 2930 infinitivi
369 2864 456 2948 apud
472 2863 617 2930 Teletem
637 2863 782 2947 exempla
805 2869 837 2928 et
860 2884 931 2930 eam
953 2862 1020 2928 fere
1044 2862 1152 2928 obser-

81 2974 151 3038 vari
166 2972 326 3038 rationem
349 2993 444 3056 quam
460 2970 688 3037 Demosthenis
711 2969 777 3036 fere
792 2969 991 3054 temporibus
1016 2968 1153 3035 valuisse

82 3102 189 3164 nuper
204 3080 352 3163 exposuit
363 3078 557 3144 Francisous
569 3078 714 3144 Birlrlein
730 3080 1076 3160 entwiclclunpopeaclr.
1094 3079 1154 3142 dea

82 3191 383 3254 substantivierlen
413 3191 474 3268 inf.
498 3185 703 3270 Wirceburgi
733 3207 762 3251 a.
789 3187 883 3251 1888.
919 3189 1007 3250 certe
1037 3203 1154 3266 magna

82 3295 236 3360 libertate
252 3294 414 3360 adduntur
428 3291 583 3359 infinitivo
607 3295 738 3361 nomina
752 3291 968 3377 praedicativa
984 3291 1153 3357 autetiam

82 3401 150 3468 alia
176 3401 319 3467 membra
345 3401 430 3466 inter
453 3401 621 3467 articulum
649 3406 681 3468 et
707 3401 813 3484 ipsum
840 3398 1029 3465 infinitivum
1057 3397 1148 3464 collo-

82 3514 173 3591 cata,
199 3509 282 3574 velut
309 3507 473 3592 genetivus
501 3508 667 3575 absolutus
694 3518 759 3581 πῶς
781 3508 813 3571 δὲ
841 3503 895 3570 οὖν
923 3505 1075 3587 ἀλόγιστον
1102 3506 1153 3567 καί

83 3617 188 3688 ἄλλως
209 3620 332 3702 μάταιον
355 3617 388 3679 τδ
411 3616 636 3703 τελευτήσαντος
658 3624 708 3679 τοῦ
730 3615 816 3703 pilon
832 3614 992 3700 καθῆσθαι
1012 3609 1154 3677 κλαίοντα

82 3727 136 3788 ναὶ
159 3724 352 3809 leucippum
379 3725 507 3805 45,10‚
531 3722 580 3788 vel
604 3722 801 3788 enuntiatum
822 3720 988 3786 relativum
1011 3723 1087 3806 μέγα
1103 3740 1153 3804 μοι

84 3832 224 3895 δοκεῖτὸ
247 3828 277 3896 ἐν
300 3827 321 3916 ᾖ
344 3827 456 3912 ἐγένετό
479 3853 522 3903 τις
544 3833 596 3896 καί
618 3827 747 3918 ἐτράφη,
771 3827 800 3894 ἐν
823 3829 914 3913 rubro
937 3829 1153 3907 tormentabas

86 3937 371 4022 mamma

153 4044 288 4111 subiecti
310 4045 410 4128 igitur
424 4044 492 4110 vice
515 4043 659 4127 fungitur
673 4042 844 4109 infinitivus
869 4063 942 4107 cum
964 4040 1100 4107 articulo
1120 4039 1153 4105 in

82 4153 133 4220 his
161 4155 228 4236 1‚4
251 4155 283 4216 τδ
307 4153 404 4217 δοκεῖν
427 4149 543 4233 ἀγαθὸν
559 4149 630 4217 εἶναι
656 4155 754 4234 1,11.
782 4153 891 4232 18,12
916 4147 996 4214 ἀλλὰ
1011 4151 1095 4211 τοῦτό
1110 4169 1152 4228 γε,

82 4259 244 4347 εδρεδῑραι
265 4262 317 4346 τὴν
338 4259 466 4344 πατρίδα
489 4261 651 4347 μοχθηρὰν
674 4261 724 4322 καί
747 4256 907 4343 ἀχάριστον
930 4251 1029 4332 οὖσαν,
1053 4251 1094 4326 εἰς
1117 4253 1153 4340 ἣν

82 4368 184 4432 πολλά
207 4390 249 4440 τις
271 4365 410 4454 ἐπένησε,
434 4377 499 4440 πῶς
522 4364 577 4431 oba
599 4365 775 4454 ἀνλήρημα;
804 4364 858 4430 ubi
884 4364 974 4429 deest
998 4360 1152 4427 articulus

939 4488 956 4541 3
