2996 5086
728 595 949 657 *70-

304 789 346 854 sit
367 788 401 852 in
425 786 537 852 eodem
566 787 796 852 sententiarum
824 806 948 851 conexu
977 787 1088 868 38,10
1112 782 1145 850 εἰ
1172 780 1199 848 δ’
1213 782 1374 873 ἐκπέφευγε

303 898 355 982 τὴν
377 897 494 983 ordita,
524 895 673 979 παρέλαβε
701 896 787 961 πάλιν
810 892 827 958 ὁ
850 894 1037 976 παιδαγωγός
1059 889 1118 958 art.
1154 893 1374 962 condicionale

303 1007 411 1068 autem
434 1002 497 1069 hoc
519 1000 697 1067 membrum
725 1001 810 1086 quod
834 1001 1057 1068 Hermannum
1084 1022 1149 1067 non
1175 1002 1375 1086 praeteribat

304 1109 401 1175 ctiam
423 1108 592 1193 prohibere
616 1131 689 1175 eum
713 1108 823 1174 debuit
846 1108 1013 1192 quominus
1033 1107 1075 1173 ad
1090 1109 1373 1192 interrogatorium

304 1214 430 1281 dicendi
457 1236 556 1298 genus
584 1215 810 1298 interpretatio
840 1213 1010 1298 refugeret.
1048 1211 1143 1297 plane
1165 1214 1230 1280 huc
1252 1213 1374 1279 iaciunt

302 1320 544 1388 Anaxandridis
567 1342 676 1388 versus
699 1323 761 1386 inc.
777 1320 842 1386 fab.
858 1319 898 1386 fr.
919 1325 935 1385 l
961 1341 1042 1386 com.
1058 1321 1116 1385 [Π
1138 1342 1169 1405 p.
1190 1324 1252 1385 195
1271 1319 1371 1387 Mein.

303 1450 384 1512 quos
396 1428 501 1494 adfert
513 1428 636 1512 Krueg.
651 1433 704 1511 59,
721 1433 749 1511 l,
764 1433 795 1496 9.
818 1427 915 1494 immo
928 1427 1016 1514 quod
1029 1427 1094 1492 dixi
1106 1427 1220 1494 eximia
1232 1428 1372 1511 quadam

305 1534 461 1602 brevitate
477 1541 510 1600 et
522 1535 727 1620 simplicitate
740 1535 803 1601 duo
817 1535 985 1601 enuntiata
996 1535 1099 1600 vicina
1111 1533 1275 1618 collocari,
1289 1555 1374 1617 quae

303 1643 329 1706 si
346 1642 532 1725 explicatius
550 1642 657 1708 dicere
676 1641 829 1708 voluisset
851 1641 989 1725 scriptor
1005 1642 1101 1707 etiam
1121 1642 1229 1724 logico
1245 1640 1372 1706 vinculo

303 1753 472 1815 conectere
489 1748 608 1832 debuit,
637 1749 671 1813 id
695 1748 791 1815 etiam
815 1769 853 1814 eo
878 1747 1081 1814 manifestum
1105 1753 1164 1830 est,
1189 1748 1276 1831 quod
1298 1769 1372 1832 par-

301 1854 401 1921 ticula
416 1855 617 1921 adversativa
632 1855 726 1922 alteri
741 1854 885 1920 membro
909 1854 1039 1920 additur
1060 1855 1094 1920 in
1116 1854 1166 1918 his
1183 1859 1235 1937 38,
1253 1859 1273 1918 8
1288 1865 1373 1938 πεινᾷ

301 1964 334 2026 τὸ
356 1961 479 2039 παιδίον,
503 1960 523 2050 ἡ
548 1962 580 2025 δέ
603 1965 712 2050 τροφὸς
734 1960 946 2048 κατακοιμίζει·
977 1962 1056 2049 διψᾷ,
1085 1959 1105 2049 ἡ
1130 1961 1162 2024 δὲ
1185 1961 1277 2026 λοὺει·
1307 1982 1372 2025 κοι-

301 2070 437 2157 μηθῆναι
456 2069 550 2147 θέλει,
573 2067 644 2157 ἡδὲ
658 2070 805 2154 κρόταλον
822 2069 935 2156 έχοοοα
950 2073 1048 2158 ψοφεῖ.
1083 2072 1238 2151 quantum
1261 2073 1371 2134 autem

301 2175 417 2259 vigoris
434 2176 658 2260 compositioni
673 2174 814 2241 addatur
828 2176 889 2241 hac
906 2175 1047 2261 syntaxis
1068 2174 1282 2258 simplicitate,
1307 2195 1372 2257 qua

301 2287 432 2364 praeter
466 2283 607 2348 comicos
646 2282 837 2365 praesertim
876 2286 992 2364 poetas
1030 2282 1127 2346 etiam
1162 2280 1371 2347 diatribarum

302 2393 452 2454 auctores
469 2388 587 2454 saeculi
603 2389 710 2472 quarti
725 2388 876 2472 tertiique
896 2387 946 2453 usi
962 2392 1045 2470 sunt,
1069 2408 1164 2453 nemo
1181 2409 1245 2454 non
1261 2388 1369 2453 sentit.

304 2516 456 2561 enumero
480 2495 626 2579 exempla
649 2495 783 2562 Teletos
811 2495 935 2561 omissis
963 2495 1007 2562 eis
1032 2516 1113 2578 quae
1145 2495 1178 2559 in
1210 2494 1370 2579 prioribus

303 2607 553 2668 commemorata
569 2607 656 2667 sunt:
675 2607 706 2686 6,
723 2605 762 2666 12
776 2623 846 2685 sqq.
865 2606 895 2685 7,
910 2605 928 2665 3
941 2622 1010 2686 sqq.
1030 2605 1082 2685 10,
1103 2605 1131 2666 1.
1150 2604 1203 2686 32,
1216 2605 1247 2667 2.
1265 2605 1369 2685 tisqq.

302 2712 356 2790 33,
375 2711 516 2791 13-33,
533 2713 563 2773 3.
589 2712 642 2792 33,
667 2713 788 2774 o-ro,

367 2835 387 2880 a
408 2815 629 2898 paratacticae
653 2815 894 2898 compositionis
918 2815 1071 2898 exemplis
1098 2815 1191 2882 facile
1214 2814 1370 2880 transitur

300 2920 342 2986 ad
364 2922 590 3007 asyndeton.
624 2922 711 3005 quod
735 2944 808 2987 cum
830 2922 922 2988 valde
943 2922 1101 3005 placuisse
1124 2923 1248 2988 videam
1263 2920 1370 2987 Teleti

301 3029 396 3095 etiam
421 3035 512 3094 extra
545 3028 631 3094 illam
654 3030 930 3114 compositionem,
963 3029 1085 3113 aliquot
1118 3029 1270 3113 exemplis
1298 3028 1367 3093 illu-

300 3135 421 3202 strabo.
458 3137 623 3202 enuntiata
653 3137 751 3221 igitur
777 3137 864 3203 haud
890 3157 964 3202 raro
993 3158 1063 3202 sese
1091 3136 1253 3220 excipiunt
1280 3134 1369 3199 donv-

300 3243 392 3316 δέτως
413 3247 514 3326 utque
541 3242 719 3325 particulae
750 3243 958 3326 explicativae
982 3248 1039 3307 aut
1062 3242 1282 3309 adversativae
1311 3247 1369 3308 aut

300 3350 521 3415 consecutivae
537 3370 603 3415 non
621 3349 792 3416 addantur.
827 3350 959 3415 velutin
977 3349 1128 3433 exemplis
1145 3348 1368 3416 enumerandis

303 3460 353 3540 15,
371 3460 411 3521 11
429 3455 634 3543 Θεμιστοκλῆς
649 3454 759 3529 ἐκεῖνος
773 3454 811 3522 ‘rb
827 3455 893 3522 παῖ’
908 3461 994 3545 μησίν
1009 3453 1069 3520 κτὲ.
1085 3456 1161 3522 ibid.
1181 3461 1220 3521 19
1239 3453 1368 3528 Λυκῖνος

298 3560 409 3636 ἐκεῖνος
431 3561 465 3628 ob
488 3560 559 3648 παρ’
581 3562 650 3652 ἡμῖν
673 3561 734 3628 κτὲ.
772 3567 823 3648 16,
841 3569 860 3629 2
884 3549 1065 3650 Ἱππομέδων
1089 3561 1105 3628 ὁ
1127 3562 1368 3649 Λακεδαιμόνιος

298 3668 360 3736 κτὲ.
395 3671 539 3736 similiter
562 3668 617 3736 oba
639 3671 741 3759 ἀηδῶς
763 3671 909 3760 Φιλήμων
931 3675 1044 3755 17,14
1066 3673 1170 3746 καλῶς
1193 3674 1225 3736 τδ
1247 3680 1297 3736 τοῦ
1312 3693 1367 3736 κο-

298 3781 435 3866 βερνήτοο
458 3781 513 3861 48,
530 3783 562 3863 2,
594 3799 665 3844 cum
688 3777 772 3845 infra
793 3779 921 3863 legatur
949 3776 1004 3844 oda
1031 3777 1134 3868 ἀηδῶς
1162 3783 1218 3864 γὰρ
1240 3777 1368 3866 Κράτης

300 3889 352 3969 33,
370 3890 389 3950 2
407 3884 454 3952 vel
478 3882 512 3949 ob
527 3896 632 3958 κακῶς
655 3882 705 3951 οὖν
729 3883 797 3950 coos
813 3883 973 3975 Σοφοκλῆς
995 3892 1047 3968 36,
1066 3890 1085 3950 3
1101 3887 1227 3969 aliaque
1242 3885 1366 3952 similia.

297 3997 386 4058 recte
408 3992 507 4074 igitur
535 4004 575 4077 τῷ
605 3991 663 4056 ὄντι
691 3998 768 4079 μέγα
796 3995 847 4056 καὶ
870 3992 1023 4075 ἀξιόλογον
1048 3997 1136 4077 33,7
1161 3992 1235 4058 libri
1256 3990 1366 4076 SMA,

298 4110 337 4183 τῷ
361 4096 420 4163 ὄντι
442 4102 497 4182 γὰρ
518 4098 601 4164 male
625 4098 680 4163 Tr.
705 4099 782 4163 item
805 4099 1039 4165 adversativum
1062 4097 1240 4184 asyndeton
1263 4120 1367 4165 asser·

297 4210 404 4270 vatum
429 4210 477 4272 est
501 4209 614 4288 20,10
637 4204 870 4292 Λακεδαιμόνιοι
902 4203 985 4272 οὒδὲν
1016 4217 1072 4271 τῶν
1095 4208 1230 4272 τοιοίιτων
1253 4205 1367 4281 ὄνειδος

297 4309 434 4399 ἡγοῦνται
461 4312 550 4378 libris
574 4311 700 4395 SMA1,
729 4313 762 4376 δέ
791 4334 888 4396 prave
916 4312 1040 4378 addunt
1062 4312 1092 4377 L
1122 4313 1191 4397 Tr,
1213 4313 1288 4378 inde
1310 4312 1367 4379 Α2
