2996 5086
781 635 1000 695 ..20-

356 826 411 891 sed
436 824 505 892 ὅταν
528 826 549 910 ᾖ
564 825 628 911 ὥρα
643 823 694 890 (εἶ’
717 825 793 913 ἔμβα
809 848 838 890 π.
853 823 886 889 l?
902 826 1036 892 coniecit
1051 825 1151 891 Diels.
1184 846 1445 908 nonnumquam

355 934 410 999 ubi
434 933 525 1000 deest
539 935 573 998 in
587 933 676 999 libris
692 934 768 1000 licet
791 933 949 1014 dubitare,
974 933 1113 999 addatur
1132 933 1251 999 rectius
1267 954 1287 998 a
1303 933 1445 998 criticis

355 1040 508 1106 articulus
531 1062 573 1106 an
596 1041 772 1124 omittatur,
796 1040 867 1106 vide
890 1061 972 1124 quae
999 1039 1167 1106 adnotavit
1188 1039 1301 1106 Hense
1326 1043 1443 1123 9,1Ο.

361 1151 446 1231 10,4
470 1153 503 1214 et
526 1170 608 1234 quae
632 1149 745 1232 scripsi
768 1147 851 1213 infra
873 1147 913 1214 de
935 1145 1082 1213 infinitivi
1104 1147 1248 1213 articulo.

421 1256 693 1322 Pronominum
716 1255 932 1339 personalium
948 1255 1133 1320 nominativi
1156 1276 1222 1321 non
1241 1253 1444 1319 adiciuntur

356 1362 459 1429 verbis
482 1364 543 1428 nisi
567 1385 639 1428 oum
663 1362 805 1447 emphasi
820 1362 870 1429 vel
893 1361 947 1427 ubi
972 1361 1120 1447 opposito
1139 1383 1219 1445 opus
1236 1366 1293 1428 est.
1326 1359 1443 1427 habet

354 1471 386 1534 iu
410 1469 530 1536 deliciis
554 1470 649 1537 Teles
674 1469 824 1554 opposita
846 1469 953 1553 qualia
976 1468 1157 1535 efficiuntur
1179 1491 1239 1553 per
1253 1466 1322 1532 ἀλλ’
1338 1466 1441 1556 ἡμεῖς

354 1581 449 1641 πάντα
460 1579 575 1663 μᾶλλον
587 1575 752 1664 αἰτιώμεθα
766 1581 794 1659 5,
809 1582 828 1641 9
847 1577 927 1660 sim,
943 1577 976 1642 id
990 1582 1039 1642 est
1050 1573 1118 1642 ‘uos
1133 1575 1358 1642 imbecilliores
1371 1576 1440 1658 qui

354 1683 439 1768 vulgi
448 1684 650 1768 opinionibus
659 1680 900 1750 inhaereamus’.
918 1682 955 1751 of.
965 1705 1047 1767 quae
1056 1684 1179 1749 monuit
1188 1683 1334 1766 editorp.
1344 1681 1438 1746 LX.

421 1813 598 1875 pronomen
623 1788 657 1855 ob
680 1788 709 1854 oi
729 1789 745 1854 ἕ
767 1791 853 1858 haud
875 1791 1063 1857 inusitatum
1086 1790 1207 1856 Atticis
1231 1791 1317 1875 apud
1333 1790 1437 1854 Tele-

354 1903 419 1962 tem
449 1898 513 1964 iam
544 1919 607 1963 uon
638 1896 771 1982 legitur,
803 1897 888 1963 idem
921 1897 1091 1964 dicendum
1124 1903 1173 1964 est
1205 1897 1245 1964 de
1274 1896 1435 1982 Polybio.

355 2003 392 2069 of.
418 2004 561 2071 Kaelker
585 2003 624 2070 de
647 2004 728 2070 eloe.
752 2003 867 2090 Polyb.
892 2004 1019 2091 (Leips.
1036 2009 1123 2071 alud.
1147 2004 1215 2090 ΙΙΙ)
1237 2027 1270 2088 p.
1289 2009 1366 2068 277.

423 2112 586 2195 genetivus
616 2111 815 2195 pronominis
838 2110 977 2177 reflexivi
1001 2109 1084 2199 ἡμῶν
1108 2108 1202 2176 αὐτῶν
1225 2111 1324 2177 semel
1347 2111 1435 2193 poni

353 2224 493 2303 poterat,
511 2219 568 2285 sed
583 2220 734 2304 praetulit
750 2218 844 2284 Peles
861 2216 970 2283 ἑαυτῶν
986 2217 1122 2286 formam
1142 2222 1171 2300 5,
1186 2223 1205 2282 9
1227 2216 1313 2306 ἡμεῖς
1329 2222 1433 2282 πάντα

354 2327 469 2412 μᾶλλον
492 2323 657 2412 αἰτιώμεθα
680 2323 699 2412 ἢ
723 2331 775 2413 τὴν
797 2323 907 2391 ἑαυτῶν
931 2326 1118 2410 δυστμυπὶαν;
1145 2326 1222 2391 item
1244 2325 1345 2391 habet
1366 2323 1432 2388 cib-

354 2435 421 2506 τυὺς
444 2455 504 2517 pro
529 2431 610 2521 ἡμᾶς
633 2430 751 2504 αὒτυὺςτ
781 2435 891 2517 15,14
914 2431 1001 2520 ἡμεῖς
1023 2434 1180 2520 πολλαχοῦ
1203 2430 1309 2504 αὖτοὺς
1332 2453 1432 2496 κατυ-

354 2543 499 2626 μυττομεν.
545 2545 581 2605 ut
609 2562 629 2605 a
651 2540 811 2623 prioribus
834 2540 886 2606 hic
909 2561 984 2605 usus
1008 2562 1073 2606 uon
1097 2539 1218 2606 alienus
1241 2540 1288 2604 ita
1311 2539 1432 2605 solem-

354 2648 403 2712 nis
427 2652 476 2713 est
503 2646 590 2730 apud
614 2647 798 2732 Polybium,
822 2647 893 2712 vide
917 2646 1061 2713 Kaelker
1084 2647 1105 2713 l.
1127 2668 1155 2712 σ.
1175 2668 1207 2730 p.
1230 2650 1304 2711 177.
1351 2667 1431 2712 oum

353 2753 417 2818 hoc
440 2754 540 2838 igitur
562 2755 725 2837 conspirat
741 2753 847 2837 Peles,
870 2755 897 2820 si
921 2775 960 2819 ex
983 2753 1109 2820 duobus
1132 2754 1212 2820 locis
1236 2756 1316 2819 certi
1337 2756 1431 2838 quic·

356 2883 452 2944 quam
476 2861 583 2945 colligi
605 2863 736 2945 poterit.
768 2866 873 2925 σαυτόν
896 2863 1032 2927 formam
1055 2860 1189 2945 praebet
1212 2864 1266 2943 44,
1285 2866 1315 2926 9.

421 2990 597 3053 pronomen
621 2966 707 3033 αυτόν
730 2968 779 3033 vel
794 2966 896 3033 ἑαυτόν
918 2969 965 3034 ita
984 2990 1224 3053 nonnumquam
1240 2969 1371 3052 ponitur
1389 2976 1430 3034 ut

354 3081 478 3158 spectet
488 3075 528 3141 ad
545 3080 606 3140 τινά
621 3076 654 3140 in
665 3075 826 3159 prioribus
843 3074 1105 3140 subaudiendum.
1123 3076 1168 3140 sio
1182 3080 1212 3157 6,
1227 3080 1246 3139 8
1264 3075 1308 3138 διὸ
1322 3075 1366 3138 δεῖ
1378 3081 1427 3162 μὴ

353 3185 389 3244 τὰ
412 3186 570 3268 πράγματα
593 3185 755 3266 πειρᾶσθαι
777 3185 973 3268 μετατιθέναι,
999 3179 1067 3245 ἀλλ’
1089 3179 1176 3246 αὑτὸν
1199 3187 1428 3265 παρασκευάσαι

354 3292 465 3372 45,11
490 3300 554 3361 πῶς
577 3290 609 3352 δὲ
632 3286 686 3352 oba
711 3288 934 3370 ἀλόγιστον...
958 3293 991 3353 τὸ
1013 3292 1174 3376 καθῆσθαι
1204 3289 1344 3352 κλαίοντα
1374 3293 1428 3352 καὶ

353 3398 532 3482 λυτοὺμενυν
547 3400 598 3460 καὶ
613 3394 714 3462 ἑαυτὸν
729 3401 1057 3486 πμυσνιαταφθεὶμοντα;
1075 3396 1113 3461 of.
1130 3397 1255 3479 Krueg.
1272 3400 1324 3480 55,
1343 3403 1377 3480 2,
1396 3403 1426 3465 6.

420 3503 470 3568 ὅδε
493 3527 669 3589 pronomen
692 3505 734 3571 ad
757 3505 985 3589 praecedentia
1008 3510 1134 3590 spectat
1155 3504 1205 3570 bis
1221 3506 1272 3571 vel
1290 3511 1341 3570 ter
1360 3511 1428 3589 9,4

354 3612 427 3697 τῷδε
446 3615 529 3693 10,2
547 3613 625 3690 τάδε,
649 3613 696 3678 ita
712 3618 748 3678 ut
763 3613 871 3697 priore
887 3613 958 3678 loco
975 3612 1128 3696 Diogenis
1147 3633 1297 3697 persona,
1320 3613 1428 3680 altera

354 3715 508 3784 Oratetea
529 3719 613 3784 ratio
637 3725 801 3802 tamquam
817 3718 875 3784 sub
892 3720 1057 3785 oculorum
1074 3725 1281 3804 conspectum
1301 3740 1427 3803 ponan-

354 3830 408 3890 tur
425 3825 479 3912 (cf.
496 3825 620 3910 Krueg.
639 3829 691 3906 51,
706 3832 735 3909 7,
751 3826 796 3912 3).
832 3827 877 3892 sio
894 3827 989 3892 etiam
1009 3831 1036 3908 5,
1054 3831 1093 3891 13
1110 3826 1164 3892 ubi
1179 3848 1289 3893 versus
1304 3826 1427 3910 legitur

356 3955 395 3997 ex
418 3931 565 3999 Homero
590 3933 746 3998 detortus.
793 3932 832 4001 cf.
851 3938 903 4016 20,
918 3939 947 3998 6.
987 3934 1062 3999 alibi
1085 3931 1135 3997 ὅδε
1159 3955 1336 4018 pronomen
1361 3957 1426 4001 non

353 4041 520 4122 reperitur.
551 4040 700 4123 utigitur
716 4037 765 4103 ὅδε
782 4062 889 4106 rarum
906 4047 965 4124 est,
990 4042 1035 4106 sio
1051 4040 1130 4127 τῇδε,
1150 4041 1273 4117 τοιόσδε,
1290 4043 1425 4118 τοσόσδε,
1477 4085 1478 4114 ι

290 4191 301 4204 .
353 4148 510 4236 satanicis
534 4148 663 4213 omnino
686 4170 752 4215 uon
774 4150 940 4232 leguntur,
968 4146 1026 4212 ὧδε
1056 4170 1118 4214 non
1142 4148 1203 4214 nisi
1227 4148 1325 4214 semel
1349 4153 1384 4234 9,
1406 4153 1425 4213 4

353 4254 407 4340 (of.
425 4255 520 4321 Blass
544 4261 631 4321 liter.
657 4259 829 4322 centrolbl.
862 4260 945 4321 1890
969 4278 1000 4321 n.
1019 4257 1073 4340 30)
1097 4255 1154 4320 sed
1177 4257 1268 4339 ταὺτμ
1284 4254 1423 4322 fortasse

356 4365 405 4439 13,
423 4367 452 4443 2,
478 4359 578 4436 οὔτως,
603 4372 741 4436 τοιοῦτος,
765 4372 911 4438 τοσοῦτος,
931 4363 1109 4449 τηλικοῦτος.
1141 4363 1212 4428 vide
1228 4363 1294 4427 ind.
1310 4364 1422 4430 vocab.
