2996 5086
535 597 753 658 „17-

105 789 249 854 laeditur
273 791 416 874 exemplo
440 790 514 857 hoc:
538 787 719 876 Ἱππομέδων
743 788 1013 876 ὁΛαιιεδαιμόνιος
1033 787 1113 855 ὁνῦν
1129 787 1176 853 ἐπὶ

105 895 233 984 Θρᾴκης
255 899 477 983 καθεσταμένος
500 895 555 961 ὑπὸ
572 895 769 982 Πτολεμαίου,
794 896 987 984 Χρεμωνίδης
1010 900 1062 960 καὶ
1077 895 1101 960 Γ
1102 899 1176 960 lnb-

102 1023 164 1066 ιαυν
189 999 225 1066 οἱ
246 1000 438 1092 Ἀθηναῖοι
461 1000 495 1066 οὒ
519 1004 659 1088 πάρεδροι
683 1007 734 1068 οιαὶ
757 1005 930 1089 οὑμβουλοις
958 1008 1008 1085 16,
1024 1007 1055 1070 4.
1101 1025 1175 1104 nam

103 1110 280 1175 articulum
300 1110 401 1176 ¹habet
425 1110 585 1196 appositio
608 1116 645 1176 ut
661 1109 891 1177 Chremonides
916 1116 947 1175 et
963 1109 1090 1176 Glauco
1113 1111 1175 1176 dis-

101 1218 295 1300 tinguantur
318 1218 357 1284 ab
381 1217 645 1303 Hippomedonte
669 1206 926 1284 Lacedaemonio
955 1223 1053 1301 atque
1077 1218 1173 1284 deno-

102 1328 216 1390 tentur
229 1325 445 1392 Athenienses
461 1332 624 1408 tamquam
638 1325 784 1391 omnibus
801 1325 869 1390 noti
881 1325 1018 1410 (Krueg.
1033 1329 1085 1409 50,
1093 1330 1110 1388 7
1113 1327 1173 1411 ,8).

102 1451 163 1495 nec
210 1432 312 1516 magis
355 1433 429 1497 hnic
481 1431 696 1499 observationi
739 1432 849 1518 (quam
887 1431 1012 1497 Hensio
1056 1431 1174 1519 debeo)

100 1538 294 1604 adversatur
326 1539 415 1622 quod
445 1539 498 1604 ille
532 1539 660 1605 admisit
693 1543 814 1623 23,11
848 1536 875 1603 οἱ
907 1540 939 1603 δὲ
965 1537 1169 1623 (Abducta)

99 1647 345 1718 assistebamus<
360 1643 419 1710 ιιτὲ.
443 1669 518 1712 nam
533 1648 601 1730 ipse
617 1653 728 1713 monet
741 1646 939 1731 probabilius
956 1667 1025 1711 esse
1041 1646 1171 1732 Aegyp-

100 1754 224 1819 tiorum
253 1755 446 1820 mentionem
476 1756 540 1820 iam
569 1754 689 1820 factam
720 1775 788 1820 esse
821 1754 866 1820 eis
897 1775 978 1837 quae
1008 1755 1171 1838 perierunt

98 1866 174 1926 ante
203 1865 256 1924 ναὶ
283 1860 369 1949 ἡμεῖς
393 1862 553 1948 (23,10),
584 1868 620 1927 ut
643 1861 896 1928 subaudiendum
919 1861 1028 1945 potius
1052 1862 1093 1926 sit
1116 1884 1170 1928 vo·

99 1968 252 2033 cabulum
279 1967 438 2050 Αίγίιπτιοι.
484 1970 587 2034 minus
617 1969 785 2036 commode
815 1968 949 2034 iudicari
978 1970 1099 2053 poterit
1129 1970 1169 2034 de

98 2075 254 2158 singulari
282 2076 459 2142 eiusmodi
482 2077 647 2142 nominum
669 2097 812 2159 numero,
841 2077 916 2158 quia
944 2082 976 2142 et
1003 2073 1169 2164 Ἀθηναῖος

99 2186 191 2264 32‚9
225 2189 257 2249 et
286 2183 366 2248 haec
397 2179 440 2246 ὅτι
463 2180 633 2270 Κυθήριος,
662 2181 704 2247 ὅτι
727 2181 890 2259 Μυκόνιος,
919 2180 962 2246 ὅτι
985 2181 1168 2271 Βελβινείτης

97 2289 278 2370 praedicati
300 2289 408 2355 locum
431 2294 551 2354 tenent.
587 2288 645 2355 sed
667 2289 815 2374 leguntur
831 2290 897 2355 sine
921 2289 1057 2355 articulo
1081 2294 1166 2370 27,ss

97 2393 116 2479 ἢ
133 2393 285 2480 Αἰγυπτίῳ
301 2398 375 2460 κίονα
387 2393 406 2480 ἢ
418 2393 547 2483 Ἕλληνι
562 2400 678 2480 κρανίον
695 2395 862 2480 ἀνθρώπου.
887 2401 1001 2463 contra
1016 2395 1168 2462 Lacaena

96 2503 216 2568 nobilis
239 2504 284 2568 sic
308 2503 513 2586 distinguitur
533 2506 584 2566 ant
602 2500 697 2591 ἐκείνη
719 2503 751 2565 δὲ
766 2503 853 2568 πάλιν
869 2501 888 2590 ἡ
905 2501 1044 2567 Λάκαινα
1066 2507 1165 2585 45,1,

96 2631 156 2675 neo
187 2610 329 2675 dissimili
356 2608 454 2675 modo
484 2609 601 2674 dicitur
630 2609 806 2693 Λυσάνδρου
837 2618 886 2673 τοῦ
915 2607 1096 2694 Σπαρτιάτου
1124 2615 1166 2680 τίς

96 2714 279 2803 ἐντιμότερος
302 2714 360 2780 νιτὲ.
385 2722 438 2800 37,
454 2720 485 2784 4.

162 2823 318 2908 ἄνθρωποι
346 2825 412 2890 sine
436 2824 572 2890 articulo
597 2823 691 2889 Telos
720 2823 825 2890 dicere
852 2824 936 2891 solet
964 2823 1016 2908 (ef.
1038 2823 1163 2906 Krueg.

67 2995 70 3002 .
96 2935 148 3014 50,
168 2937 199 3013 3,
217 2932 252 3018 6)
279 2933 313 2997 in
341 2932 507 2998 sententiis
533 2931 598 2996 his:
631 2935 718 3014 1,13
746 2935 937 2994 mistress
961 2929 1085 2995 ἐπὶτῶν
1108 2929 1164 2993 ἄλ-

94 3038 154 3104 λων
179 3037 313 3120 ἀγαθῶν,
337 3037 393 3102 ὅσα
417 3040 551 3104 δοκοῦσιν
575 3036 744 3122 ἄνθρωποι;
769 3042 836 3121 5,3
861 3035 928 3101 ἀλλ’
944 3034 978 3101 od
1001 3046 1090 3100 ταῦτα
1115 3037 1163 3101 διὰ

94 3151 206 3235 τρυφὴν
229 3151 361 3234 ζητοῦσιν
385 3146 553 3232 &abgarum
576 3152 744 3232 praeterea
763 3145 909 3213 conferas
933 3150 986 3226 42,
1005 3150 1034 3212 3.
1059 3149 1113 3228 43,
1131 3152 1161 3210 6.

96 3273 169 3318 cum
193 3255 328 3320 articulo
352 3261 460 3320 autem
483 3255 651 3321 exhibetur
667 3254 830 3338 genetivus
853 3253 1021 3338 partitivus
1039 3264 1094 3318 τῶν
1110 3252 1162 3318 ἀν-

95 3364 226 3445 θρώπων
250 3361 300 3434 οὓς
324 3367 375 3449 μὲν
398 3370 540 3452 χρήματα
562 3362 640 3450 ἔχειν
664 3362 715 3434 οὓς
739 3363 771 3426 δὲ
794 3368 931 3450 κτήματα
957 3364 1078 3442 27,13.

161 3470 287 3535 accedit
310 3471 464 3536 articulus
488 3470 529 3536 ad
552 3469 736 3535 adverbium
763 3473 871 3552 10,11
895 3467 985 3552 ὅσπερ
1008 3477 1069 3539 τοῖς
1086 3469 1160 3530 πολ-

93 3575 157 3648 λοῖς
182 3577 300 3641 δυναται
316 3625 323 3639 .
340 3626 346 3640 .
364 3626 370 3640 .
387 3574 471 3649 οὗτος
492 3581 545 3651 ant
567 3587 627 3648 τοῖς
650 3575 808 3653 ἀνάπαλιν,
837 3576 892 3642 ubi
915 3572 1018 3641 Cobet
1040 3573 1160 3640 frustra

94 3683 265 3748 articulum
287 3684 372 3750 inter
393 3689 426 3749 et
448 3683 633 3750 adverbium
656 3681 765 3765 ὀλίγοις
787 3684 929 3749 inserere
952 3681 1061 3763 voluit,
1087 3703 1159 3746 cum

95 3787 238 3854 ἀνάπαλιν
272 3786 321 3854 ‘de
356 3789 498 3873 qualibet
533 3791 738 3856 conversione
774 3791 805 3854 in
840 3785 1043 3855 contrarium’
1073 3789 1159 3873 apud

92 3894 308 3962 Aristotelem
329 3903 512 3980 usurpetur.
558 3919 661 3981 neque
689 3896 781 3963 aliter
808 3896 968 3980 reperitur
991 3896 1159 3980 singularis

92 4002 218 4067 articuli
247 4007 280 4066 τό
311 4003 364 4089 (of.
388 4003 515 4090 Krueg.
540 4008 644 4087 50,5,
669 4005 721 4089 10)
748 4005 780 4068 in
803 4004 852 4069 his
879 4005 930 4067 ναὶ
957 3999 998 4075 είς
1026 4006 1058 4067 τὸ
1085 4026 1158 4088 προ-

92 4120 188 4196 σηνῶς
210 4113 261 4172 καί
284 4108 325 4182 εὶς
347 4114 379 4174 τὸ
403 4109 532 4192 ὑγιεινῶς
554 4115 608 4194 40,
630 4114 679 4176 14.

159 4223 385 4284 enumerentur
401 4219 567 4301 dictiones,
591 4217 700 4302 quales
723 4219 784 4284 hae
808 4224 897 4283 sunt:
925 4221 1008 4299 16,5
1032 4220 1068 4280 τὰ
1083 4213 1156 4279 καθ’

944 4343 961 4394 2
