2996 5086
781 573 977 631 „2-

345 762 421 827 mihi
445 762 522 846 quid
546 763 664 828 consilii
689 763 876 828 sectandum
899 763 994 846 foret,
1018 764 1157 830 breviter
1180 765 1244 830 iam
1260 764 1424 830 indicavit

345 867 502 938 Niebuhr.
531 871 655 935 monuit
671 870 755 935 enim
767 870 814 935 vir
831 870 1022 936 clarissimus
1036 870 1157 936 Teletis
1173 870 1322 954 reliquias
1339 892 1424 936 cum

345 976 414 1041 aliis
437 977 615 1043 nominibus
638 977 776 1062 insignes
798 998 867 1043 esse
890 982 1024 1061 tumeo,
1050 977 1137 1061 quod
1153 999 1216 1062 quo
1233 977 1424 1044 devenisset

344 1088 421 1148 tunc
445 1085 600 1167 temporis
624 1083 810 1150 Atticorum
834 1105 939 1151 sermo
966 1084 1129 1150 luculento
1153 1085 1423 1151 demonstrarent

345 1191 502 1274 exemplo.
539 1213 618 1274 quas
641 1193 739 1275 igitur
755 1192 987 1258 vicissitudines
1004 1191 1190 1259 Atticorum
1214 1215 1318 1259 sermo
1334 1215 1422 1277 pau-

343 1296 432 1364 latim
464 1298 598 1364 subierit
628 1299 817 1383 qualemque
847 1298 983 1364 formam
1010 1299 1151 1364 induerit
1178 1299 1297 1365 sacculi
1323 1300 1422 1365 tertii

344 1404 474 1470 dimidio
497 1405 599 1472 altero
624 1426 724 1489 quave
748 1407 874 1472 ratione
901 1407 943 1472 ad
965 1406 1092 1492 Polybii
1114 1407 1247 1490 aevique
1269 1405 1419 1472 Alexan-

344 1511 427 1576 drini
457 1533 555 1595 genus
584 1512 711 1578 dicendi
741 1512 897 1596 adspiret,
926 1518 1080 1597 quantum
1109 1512 1177 1579 ficri
1206 1514 1328 1597 poterit
1359 1513 1419 1578 de-

344 1618 484 1685 scribere
507 1626 564 1686 aut
588 1619 748 1686 delineare
771 1621 848 1685 mihi
869 1621 902 1685 in
926 1621 1031 1688 animo
1056 1629 1115 1686 est.
1154 1622 1187 1685 in
1211 1621 1420 1705 disponenda

343 1732 449 1792 autem
477 1728 613 1794 materia
640 1727 722 1793 hanc
745 1729 829 1793 viam
852 1734 980 1794 secutus
1004 1751 1088 1811 sum,
1116 1735 1152 1794 ut
1179 1729 1316 1812 primum
1340 1750 1418 1812 per-

343 1856 504 1901 currerem
519 1835 643 1919 singula
658 1837 885 1918 grammaticae
906 1836 1013 1919 capita
1028 1835 1191 1920 Kruegeri
1208 1836 1418 1918 potissimum

341 1941 414 2007 libri
436 1942 561 2008 ratione
589 1942 714 2025 habita,
744 1965 838 2026 quem
866 1943 962 2008 etiam
989 1943 1021 2007 in
1049 1942 1276 2008 vocabulorum
1302 1943 1417 2008 indice

344 2050 565 2134 componendo
582 2055 745 2134 tamqnam
762 2050 876 2116 ducem
892 2055 1021 2116 secutus
1038 2072 1134 2132 eram,
1152 2050 1225 2116 dein
1241 2050 1417 2116 verborum

342 2156 501 2222 delectum
526 2177 661 2223 conarer
683 2157 842 2223 illustrare
866 2158 911 2222 eis
938 2157 1140 2242 potissimum
1163 2157 1325 2224 vocabulis
1346 2160 1416 2224 ool-

341 2262 432 2328 lectis
457 2285 539 2346 quae
560 2286 580 2329 a
594 2265 739 2348 priorum
754 2285 815 2329 usu
831 2264 982 2330 recedere
997 2264 1191 2347 viderentur,
1216 2265 1352 2348 denique
1370 2265 1416 2330 de

341 2370 406 2434 stili
423 2369 546 2435 Teletei
569 2370 692 2453 aliquot
714 2371 968 2454 proprietatibus
993 2371 1229 2438 observationes
1254 2370 1414 2436 adderem

341 2475 484 2543 selectas.
515 2477 571 2543 ubi
591 2479 689 2562 igitur
706 2500 777 2544 cum
794 2476 980 2544 Atticorum
1001 2479 1142 2562 priorum
1158 2499 1218 2543 usu
1234 2483 1266 2542 et
1282 2479 1415 2562 syntaxi

341 2584 502 2649 consentit
526 2585 630 2650 oratio
655 2584 784 2666 Teletis,
814 2585 925 2668 paucis
949 2583 1077 2669 defungi
1100 2585 1195 2650 liccat
1217 2584 1414 2667 breviusque

339 2711 407 2755 rem
431 2690 606 2774 absolvere,
636 2691 733 2773 paulo
757 2696 865 2756 autem
896 2692 1082 2776 explicatius
1113 2712 1206 2776 agere
1237 2695 1335 2774 utque
1367 2691 1414 2756 ad

339 2818 436 2862 unum
454 2797 561 2863 omnia
575 2797 762 2862 adferantur
779 2799 932 2882 exempla,
948 2797 1003 2863 ubi
1020 2798 1190 2881 discrepat.
1208 2804 1350 2863 ceterum
1368 2798 1413 2862 de

340 2905 433 2986 copia
456 2904 624 2970 verborum
648 2910 680 2969 et
704 2904 829 2970 delectu
853 2905 930 2969 mihi
954 2904 1122 2970 disserenti
1146 2904 1282 2988 adparet
1311 2926 1412 2988 quam

339 3010 417 3076 utile
432 3009 527 3076 fuerit
548 3010 700 3092 futurum,
721 3012 749 3076 si
765 3009 950 3077 Stoicorum
970 3010 1039 3076 sere
1060 3012 1248 3094 aequalium,
1271 3012 1412 3077 maxime

339 3115 517 3204 Chrysippi,
541 3117 723 3202 fragmenta
745 3119 777 3182 in
800 3140 898 3182 unum
921 3118 1009 3202 quod
1033 3117 1088 3182 diu
1112 3117 1312 3182 desideratur
1336 3139 1410 3183 cor-

338 3245 399 3308 pus
423 3224 558 3291 collecta
581 3230 776 3307 prostarent.
822 3246 907 3289 nuno
931 3229 968 3289 ut
991 3245 1043 3288 res
1066 3229 1141 3288 sunt
1165 3243 1228 3306 quo
1252 3225 1412 3306 pauciora

338 3437 361 3491 si
371 3455 464 3492 verum
475 3441 518 3492 est
527 3438 610 3492 etiam
619 3438 697 3492 istius
707 3439 783 3492 modi
793 3439 981 3493 additamenta
992 3455 1060 3506 quae
1070 3439 1199 3509 leguntur
1208 3455 1235 3506 p.
1244 3439 1285 3504 12,
1295 3436 1409 3492 4Hen8.

338 3525 388 3598 ὅρα
401 3524 503 3599 σχολὴν
514 3527 557 3578 καὶ
568 3525 672 3579 παιδιάν
681 3527 776 3599 ’ἡμεῖς
788 3526 821 3594 δέ,
833 3528 881 3579 κᾶν
892 3525 974 3578 ἄλλον
985 3525 1091 3598 ἴδωμεν,
1105 3526 1265 3598 πεφρίκαμεν
1278 3545 1305 3596 p.
1318 3529 1359 3592 13,
1372 3528 1408 3579 15

338 3615 388 3687 ὅρα
401 3612 504 3667 παιδιάν
523 3635 556 3670 ex
574 3617 774 3686 epitomatoris‚
793 3636 850 3671 non
870 3636 903 3672 cx
916 3617 1028 3672 lectoris
1047 3619 1091 3672 vel
1110 3617 1215 3671 librarii
1234 3617 1346 3672 alicuius
1364 3616 1407 3668 in-

337 3705 442 3759 dustria
454 3705 606 3774 repetenda
616 3723 683 3772 esse,
693 3705 761 3760 fides
771 3705 911 3760 Theodori
925 3705 1103 3760 confirmatur
1112 3706 1204 3775 potins
1216 3724 1296 3774 quam
1309 3705 1407 3759 debili-

337 3797 420 3848 tatur.
444 3811 533 3862 nequc
547 3795 618 3848 enim
631 3796 729 3850 harum
741 3794 842 3850 similes
855 3795 977 3864 ineptiae
990 3795 1142 3850 offeruntur
1153 3795 1206 3848 nisi
1225 3795 1253 3848 in
1271 3794 1325 3848 boo
1343 3795 1406 3862 ipso

336 3886 457 3937 tractatu
470 3883 598 3937 secundo.
619 3884 693 3952 quod
706 3890 798 3939 autem
810 3883 983 3953 comparavit
992 3883 1067 3939 Diels
1077 3902 1104 3953 p.
1115 3885 1157 3950 23,
1169 3885 1203 3937 10
1213 3883 1257 3935 καὶ
1269 3881 1348 3955 ἡμεῖς
1359 3883 1406 3954 μὲν

336 3973 380 4025 καὶ
389 3970 452 4024 ἰδεῖν
463 3973 507 4024 καὶ
520 3973 642 4042 ἅψασθαι
655 3972 780 4044 ὀκνοῦμεν
791 3991 796 4003 ·
809 3972 832 4026 οἱ
846 3972 873 4026 δὲ
888 3974 935 4039 (sc.
949 3969 1095 4044 Αἰγύπτιοι)
1109 3970 1320 4034 σκελετεύσαντες
1334 3969 1405 4022 ἔνδον

337 4059 441 4132 ἔχουσιν
459 4061 519 4127 aa,
537 4062 566 4115 id
586 4067 614 4116 et
632 4080 683 4131 per
702 4081 730 4117 sc
749 4068 824 4118 recte
844 4081 872 4118 se
890 4063 975 4117 habet
993 4080 1044 4117 nec
1062 4063 1134 4116 unde
1153 4078 1204 4130 per
1216 4061 1340 4116 Teletem
1358 4060 1404 4114 ad·

336 4155 474 4219 sumptum
493 4151 528 4204 sit
547 4151 630 4206 hodie
649 4153 678 4205 in
697 4153 779 4206 dubio
800 4156 849 4206 est.
879 4152 1033 4220 quidquod
1052 4169 1086 4206 ue
1104 4151 1164 4205 istis
1184 4151 1294 4220 quidem
1312 4150 1404 4205 verbis

336 4239 385 4311 ὅρα
405 4237 506 4312 σχολὴν
530 4240 581 4293 art.
611 4242 743 4296 sermonis
769 4242 880 4312 genuini
899 4240 1015 4310 vestigia
1037 4257 1150 4309 prorsus
1175 4241 1322 4294 obscurata
1345 4257 1404 4293 esse

335 4332 415 4397 putat
434 4328 616 4383 Wachsmuth
636 4331 696 4384 coll.
716 4329 780 4384 Arr.
800 4329 892 4400 Epict.
913 4330 976 4383 diss.
990 4329 1033 4383 IV
1048 4331 1070 4396 l,
1086 4331 1137 4383 166
1157 4334 1227 4384 extr.
