2996 5086
189 1473 302 1580 Non
325 1512 406 1579 adeo
430 1511 549 1577 multae
577 1510 695 1577 saeculi
717 1497 805 1577 tertii
828 1510 1022 1596 scriptorum
1045 1507 1188 1577 Graeco-

122 1643 192 1686 rum
223 1621 376 1704 reliquiae
400 1623 540 1685 aetatem
572 1617 725 1701 tulerunt,
753 1623 790 1683 ut
812 1639 878 1702 non,
904 1640 1020 1704 operae
1050 1619 1189 1703 pretium

123 1730 165 1794 sit
181 1730 277 1794 etiam
292 1729 326 1793 in
341 1727 463 1794 Teletis
480 1727 691 1793 elocutionem
707 1727 888 1793 accuratius
907 1727 1077 1810 inquirere,
1098 1732 1188 1810 post-

123 1856 219 1918 quam
236 1834 446 1900 diatribarum
462 1835 601 1918 epitome
616 1834 836 1918 praeceptoris
855 1835 918 1899 mei
933 1819 1011 1899 cura
1026 1835 1073 1900 ita
1087 1856 1189 1918 nuper

123 1941 210 2007 edita
233 1948 290 2024 est,
315 1947 351 2007 ut
374 1943 471 2007 etiam
494 1941 534 2007 de
558 1962 702 2007 sermone
720 1941 839 2007 Teletis
857 1931 975 2007 certius
998 1940 1068 2008 fieri
1086 1942 1190 2026 possit

122 2048 283 2113 iudicium.
330 2049 369 2114 de
385 2048 557 2114 Theodoro
581 2055 688 2114 autem
713 2049 934 2132 epitomatore,
959 2070 1053 2133 quem
1068 2048 1189 2115 Telelis

122 2156 246 2223 libellos
262 2157 295 2221 in
311 2162 417 2223 artum
429 2157 627 2222 contraxisse
644 2161 733 2222 certo
747 2156 931 2222 testimonio
945 2157 1073 2237 scimus,
1087 2156 1188 2221 Wila-

121 2263 268 2329 mowitzii
284 2266 318 2328 et
329 2263 445 2328 Hensii
459 2262 578 2328 iudicio
594 2264 641 2327 ite
657 2262 845 2346 adstipulor,
863 2266 900 2326 ut
914 2264 1089 2328 resecuisse
1101 2262 1189 2327 illum

123 2369 251 2452 quidem
267 2370 430 2435 traiecisse
446 2371 608 2435 mutilasse
626 2370 703 2435 satis
717 2369 818 2435 mrdta
834 2370 1019 2451 existimem,
1035 2370 1190 2452 pauciora

123 2477 162 2542 de
175 2497 232 2542 suo
245 2475 423 2542 subdidisse
438 2475 488 2542 vel
502 2476 630 2542 liberius
645 2477 834 2560 inmutasse,
852 2483 885 2541 et
900 2477 1091 2560 speraverim
1107 2476 1189 2544 bano

123 2585 312 2648 sententiam
336 2584 432 2648 etiam
456 2583 587 2668 singidis
616 2583 655 2648 de
684 2583 861 2649 elocutione
885 2583 1018 2649 Teletea
1045 2582 1190 2648 observa·

123 2689 263 2755 tionibus
288 2690 525 2756 constabilitum
547 2691 597 2755 iri.
631 2696 718 2756 certe
742 2712 837 2774 quam
860 2691 961 2756 multa
984 2712 1025 2756 ex
1046 2692 1189 2774 priorum

124 2798 315 2879 scriptorum
338 2797 436 2880 copiis
452 2797 554 2863 Bione
578 2798 779 2881 potissimum
801 2797 1020 2863 intercedente
1040 2797 1134 2863 Teles
1156 2798 1189 2861 in

123 2924 199 2968 suos
223 2904 467 2969 commentarios
490 2905 659 2987 receperit,
681 2905 727 2969 ita
749 2926 834 2970 nunc
857 2903 1053 2987 patefactum
1077 2908 1136 2986 est,
1152 2908 1190 2968 ut

123 3011 171 3075 vel
194 3011 267 3075 hinc
291 3010 493 3076 manifestum
517 3012 559 3076 sit
575 3011 694 3077 Teletis
718 3033 800 3095 quae
824 3017 995 3094 supersunt
1017 3009 1081 3077 non
1097 3012 1189 3075 nimis

124 3116 335 3200 degenerasse
359 3118 664 3202 epitomatoremque
692 3139 781 3182 suam
812 3139 944 3201 operam
971 3119 1057 3183 intra
1084 3118 1189 3184 mode-

124 3224 240 3288 stiores
255 3224 335 3289 fines
351 3225 540 3290 coercuisse.
580 3225 637 3289 sed
657 3225 715 3290 has
736 3225 776 3290 de
797 3226 1010 3308 epitomatore
1025 3225 1075 3290 vel
1094 3227 1190 3290 etiam

124 3331 164 3396 de
175 3330 317 3398 fontibus
327 3331 448 3398 Teletis
460 3333 664 3415 quaestiones
674 3337 851 3398 retractare
863 3353 929 3397 non
938 3353 1044 3397 meum
1054 3332 1136 3396 duco
1145 3331 1188 3416 *).

195 3542 221 3613 *)
239 3543 358 3599 Interim
370 3545 505 3614 sagaciter
516 3545 592 3599 illam
605 3545 639 3599 de
652 3545 836 3613 epitomatore
849 3545 1039 3614 quaestionem
1050 3546 1190 3614 promovit

124 3632 300 3687 Hermannus
312 3633 387 3688 Diels
407 3633 436 3686 in
455 3651 568 3688 censura
586 3634 650 3687 libri
663 3633 797 3688 Hensiani
810 3633 935 3690 deutsche
947 3634 1105 3690 litterature.
1120 3635 1190 3687 1890

123 3741 152 3792 p.
172 3725 241 3776 1159
251 3741 299 3792 sq,
328 3723 459 3792 quiquid
486 3724 587 3778 sentiat
614 3723 657 3777 bis
683 3723 768 3792 ipsius
796 3723 887 3778 vorbis
915 3723 1063 3778 indicetur:
1083 3721 1191 3778 ‘Dieser

124 3815 173 3878 (sc.
193 3811 366 3882 Theodorus)
393 3813 486 3868 wiirde
515 3813 608 3867 scinen
627 3812 734 3868 Namen
762 3813 839 3867 nicht
858 3812 906 3868 auf
921 3813 975 3868 den
994 3813 1067 3867 Titel
1085 3817 1190 3884 gesetzt

124 3902 222 3968 haben,
242 3920 321 3956 wenn
340 3920 371 3956 er
388 3901 465 3956 nicht
483 3902 534 3956 mit
553 3901 629 3957 einer
647 3902 779 3973 gewissen
794 3901 1028 3974 Selbstiindiglreit
1045 3902 1190 3956 verfahren

124 3994 205 4045 wilre.
235 3989 275 4044 Es
293 3991 330 4044 ist
348 3991 405 4044 also
419 3991 487 4057 klar,
508 3991 563 4045 und
576 3991 637 4045 eine
651 3991 822 4062 eingehende
835 3990 955 4059 Analyse
968 3991 1037 4045 wird
1050 4008 1078 4045 es
1092 3991 1189 4045 durch-

124 4097 185 4149 weg
202 4080 366 4151 bestitigen,
386 4081 449 4134 dass
468 4079 518 4134 wir
535 4081 614 4134 nicht
631 4080 719 4147 Teles,
739 4081 859 4134 sondern
878 4080 931 4134 den
950 4078 1128 4148 Epitomator
1145 4098 1189 4132 zu·

125 4167 222 4221 niichst
240 4169 464 4223 verantwortlioh
483 4188 515 4222 zu
533 4169 649 4223 macheu
667 4169 757 4223 haben
784 4169 829 4223 for
856 4169 909 4223 den
933 4169 1106 4237 jammervoll
1134 4187 1189 4223 zer-

125 4259 247 4311 riitteten
260 4257 382 4312 Zustand
401 4258 491 4312 dieser
503 4257 662 4327 Excerpte’.
686 4259 735 4312 sed
753 4258 787 4312 de
806 4275 854 4311 suo
873 4258 960 4312 mnlta
978 4258 1189 4326 epitomatorem

125 4347 296 4400 sermonibus
310 4347 433 4402 intulisse
447 4365 481 4402 ne
491 4347 585 4402 Dilesii
600 4347 710 4416 quidem
722 4348 890 4418 argumentis
903 4348 1107 4416 comprobatur.
1126 4366 1189 4402 nam

979 4457 992 4507 1

634 4779 903 4888 152403
