2996 5086
735 583 955 644 „42-

311 766 402 836 καὶυν
425 769 527 860 ἐνδεὴς
550 770 588 850 εἶ;
612 777 644 856 4,
665 779 697 838 8.
732 774 778 838 sio
807 774 903 839 otiam
929 777 1055 857 14,1o.
1082 777 1187 857 15,1.
1215 777 1248 838 4.
1285 775 1384 839 inter·

310 877 464 944 looutoris
488 879 586 944 verba
608 879 694 945 haud
718 901 792 946 raro
816 902 836 946 a
858 879 1018 964 particula
1040 879 1121 944 ἀλλὰ
1135 881 1296 965 incipiunt
1320 885 1383 964 2,5

312 983 391 1049 ἀλλὰ
413 989 465 1049 καί
487 983 621 1070 ἀνδρεῖος
644 985 679 1052 ἂν
702 988 817 1074 μᾶλλον
839 989 999 1083 βουλοίμην
1023 988 1118 1052 δοκεῖν
1141 985 1161 1074 ἢ
1185 985 1266 1053 εἶναι.
1292 992 1385 1071 26,4

312 1090 391 1156 ἀλλὰ
420 1095 471 1156 καί
498 1090 542 1156 ὅτι
568 1098 704 1180 μέτοικος
731 1091 790 1158 κτέ.
820 1093 874 1179 (of.
896 1093 1007 1161 adnot.
1031 1095 1177 1178 editoris)
1208 1100 1239 1176 9,
1262 1101 1284 1160 8
1316 1093 1384 1160 ἀλλ’

311 1196 393 1285 ὅμως
416 1200 498 1263 δοκεῖ
518 1197 576 1264 κτέ.
604 1203 654 1283 19,
672 1205 703 1268 2.
742 1205 829 1281 16,8
854 1197 921 1264 ἀλλ’
944 1200 974 1264 ἐν
997 1198 1230 1286 γετῇίδίομκτὲ.
1257 1206 1382 1283 18,12.

313 1309 365 1388 21,
379 1309 409 1370 2.
448 1309 532 1389 17,3
557 1303 625 1371 ἀλλῗ
648 1304 716 1370 ουδὲ
739 1305 870 1380 ἐξουσίαν
893 1305 968 1381 ἕξεις
990 1305 1049 1372 κτὲ.
1081 1307 1121 1373 of.
1139 1312 1192 1390 47,
1207 1313 1227 1372 3
1243 1313 1300 1373 ναί·
1317 1306 1384 1372 611²

311 1408 407 1476 οέκέτι
429 1411 519 1478 ἔσται.
551 1413 600 1478 bis
628 1414 744 1498 legitur
767 1411 801 1478 οἰ)
824 1419 912 1501 μόνον
925 1462 932 1478 .
945 1463 971 1478 ..
995 1413 1075 1479 ἀλλὰ
1097 1419 1149 1478 καί
1163 1418 1218 1497 41,
1233 1419 1265 1480 5.
1282 1420 1326 1480 47
1329 1421 1381 1499 ,9.

312 1520 467 1585 eooteris
496 1519 622 1586 dicendi
647 1520 792 1587 formulis
819 1522 852 1586 in
879 1520 984 1588 indice
1009 1523 1202 1588 enumeratis
1225 1523 1289 1588 hoo
1312 1523 1382 1588 loco

311 1647 524 1692 commemoro
558 1625 627 1692 ἀλλ’
657 1625 693 1692 ἐκ
722 1639 777 1693 τῶν
809 1625 941 1694 ἐναντίων
972 1632 1026 1711 44,
1052 1634 1070 1693 9
1103 1635 1137 1696 ο1
1166 1630 1255 1712 qnod
1285 1631 1381 1696 otiam

311 1733 432 1799 maiore
461 1733 603 1818 pondero
634 1735 751 1800 dicitur
781 1733 848 1799 ἀλλ’
875 1733 957 1822 ὅμως
980 1733 1066 1800 ταῦθ’
1094 1734 1218 1821 ὁρῶντες
1245 1741 1381 1824 γινόμενα

311 1836 394 1904 οὐδὲν
416 1837 502 1928 ἦττον
524 1841 749 1927 κακοδαιμονεῖν
772 1841 880 1907 οίονται
904 1848 957 1926 36,
975 1848 1005 1906 7.

378 1946 476 2012 semel
497 1947 615 2032 legitur
636 1959 700 2021 πῶς
723 1949 755 2013 δὲ
779 1945 834 2013 οέκ
856 1947 1010 2031 ἀλόγιστον
1031 1951 1091 2013 καί
1114 1949 1233 2022 ἄλλως
1257 1955 1380 2036 μάταιον

311 2057 435 2136 45,10.
469 2053 508 2120 of.
530 2054 614 2123 Plat.
636 2055 757 2122 Phaed.
781 2055 840 2121 sub
863 2055 916 2120 fin.
940 2055 1059 2140 ἀρίστου
1082 2055 1259 2129 καὶᾶλλως
1282 2080 1380 2145 φρονι-

311 2165 447 2246 μωτάτου
468 2165 520 2225 καί
543 2162 737 2240 δικαιοτάτου,
761 2163 816 2229 ubi
839 2161 940 2235 ἄλλους
964 2163 1050 2228 delet
1074 2160 1206 2230 Sohanz.
1472 2229 1473 2238 ,

357 2267 395 2333 de
418 2269 576 2352 particula
599 2267 664 2357 ἅμα
686 2292 785 2354 supra
806 2271 917 2335 monui
939 2292 971 2353 p.
990 2274 1032 2334 36
1050 2275 1082 2336 et
1099 2274 1151 2335 37.
1187 2268 1253 2356 ἅμα
1269 2275 1379 2357 μέν...
1472 2291 1473 2366 μ

311 2374 375 2464 ἅμα
399 2378 431 2441 δέ
454 2377 571 2462 legitur
593 2382 706 2462 47,15
731 2378 870 2463 (Krueg.
889 2383 941 2462 59,
961 2382 990 2462 1,
1006 2380 1051 2464 4).

379 2465 418 2531 do
441 2465 476 2532 ἄν
499 2468 657 2551 particulo
680 2489 761 2552 quae
785 2469 866 2534 scitu
884 2468 980 2552 digna
1003 2473 1089 2551 sunt,
1113 2488 1151 2533 ea
1166 2488 1267 2551 supra
1287 2469 1380 2534 variis

311 2572 391 2638 locis
418 2573 548 2657 prolata
580 2580 663 2642 sunt.
698 2575 748 2640 bis
777 2575 909 2660 ponitur
939 2573 974 2640 ἄν
1005 2575 1038 2639 in
1068 2575 1182 2641 eodem
1213 2576 1378 2640 enuntiato

312 2676 369 2767 οὐχ
384 2677 425 2752 ὡς
440 2678 475 2746 ἂν
492 2677 614 2768 Ἀττικὴ
629 2685 700 2770 γυνὴ
716 2680 873 2746 ἀκοὺσασα
888 2687 1071 2768 σεσωσμένον
1090 2681 1215 2768 ἔργαψεν
1235 2680 1271 2746 ἄν
1291 2685 1346 2764 44,
1359 2686 1376 2745 7

313 2786 453 2872 (Krueg.
475 2792 528 2871 69,
551 2793 580 2871 7,
605 2790 648 2872 3).
681 2789 815 2854 alterum
845 2789 1022 2874 exemplum
1052 2789 1221 2872 genuinum
1243 2794 1378 2854 nonest

312 2896 388 2980 ταχυ
411 2891 473 2976 γ’ἄν
500 2899 552 2960 καί
574 2894 658 2984 ἡμῶν
685 2919 727 2968 τις
750 2894 785 2962 ἂν
808 2899 985 2984 κοτμηθείη;
1012 2900 1061 2977 12,
1081 2902 1098 2961 7
1126 2896 1243 2962 lectori
1270 2897 1377 2962 nescio

313 3001 364 3066 cui
387 3002 420 3067 id
442 3002 554 3068 tribuit
577 3001 691 3086 Cobet,
716 3003 923 3087 epitomatori
946 3003 1046 3070 Dieln

378 3107 438 3194 ἄρα
461 3112 559 3177 semel
581 3110 706 3195 legitur,
731 3113 758 3176 si
773 3133 848 3178 vera
872 3117 921 3179 est
937 3111 1173 3178 Wilamowitzii
1193 3111 1377 3176 coniectura

314 3221 366 3300 26,
391 3220 432 3282 14
455 3215 523 3282 ουδὲ
545 3217 605 3304 ἄρα
627 3217 697 3298 κτέ.,
720 3220 878 3304 particula
904 3217 942 3284 αὖ
964 3220 1102 3286 fortasse
1125 3241 1166 3284 ne
1190 3218 1289 3285 semol
1313 3219 1375 3302 qui-

313 3323 399 3407 dem,
430 3325 457 3390 si
480 3330 587 3392 tamon
617 3327 686 3392 iuro
716 3327 833 3393 editori
856 3334 1008 3412 suspecto
1030 3331 1079 3392 ost
1100 3326 1197 3392 lontio
1225 3325 1377 3391 librorum

312 3433 366 3514 41,
389 3436 428 3496 12
453 3429 545 3505 οὕτως
567 3430 605 3498 αἶ)
629 3434 713 3518 δεῦρο
737 3432 883 3499 ἐπίκειται.
920 3433 959 3502 of.
976 3432 1041 3501 ind.
1058 3454 1126 3498 νοο.
1143 3455 1168 3501 s.
1184 3435 1284 3501 πάλιν.

378 3543 434 3623 γάρ
457 3540 615 3624 porticula
638 3563 719 3624 quae
743 3542 829 3607 haud
843 3563 918 3608 raro
941 3546 991 3606 est
1012 3541 1045 3604 in
1061 3540 1204 3624 epitoma
1217 3540 1378 3624 legeretur

312 3644 449 3734 fortasse
466 3647 559 3713 etiam
573 3649 710 3732 saepiuS,
727 3649 753 3714 si
768 3649 872 3714 minus
885 3669 995 3714 amans
1010 3646 1123 3712 fuisset
1135 3647 1275 3730 scriptor
1289 3668 1377 3733 noyn·

313 3753 389 3836 deti,
407 3754 446 3819 de
459 3775 522 3838 quo
535 3753 627 3821 infra.
652 3777 672 3820 a
685 3755 851 3839 particulis
863 3758 914 3820 καί
929 3759 985 3839 γάρ
1001 3753 1050 3820 vel
1062 3750 1131 3818 οὐδὲ
1142 3758 1199 3839 γάρ
1211 3774 1276 3819 non
1291 3775 1377 3818 num·

313 3882 407 3945 quam
424 3863 589 3929 enuntiata
604 3863 769 3948 incipiunt,
794 3863 908 3948 quibus
928 3860 1141 3947 respondetur
1155 3860 1377 3926 interlocutori

313 3974 369 4036 aut
391 3991 449 4054 por
471 3969 607 4036 ironiam
627 3971 713 4037 velut
737 3975 800 4055 2,8
825 3969 988 4059 Τιμήσουσί
1010 3993 1055 4056 με.
1073 4007 1113 4015 —-
1131 3966 1195 4032 Καὶ
1217 3972 1273 4052 γὰρ
1297 3990 1376 4051 πρω-

312 4081 451 4165 τοστάτην
472 4099 504 4142 σε
519 4084 736 4168 καταστήσουσι
755 4081 806 4143 καί
822 4086 1001 4166 μονομαχεῖν
1017 4077 1188 4140 κελείσουσι
1202 4072 1262 4138 κτὲ
1284 4077 1337 4156 47,
1357 4079 1374 4137 7

312 4191 368 4251 aut
390 4206 448 4269 por
476 4185 602 4252 solitam
630 4187 791 4270 quandam
819 4185 944 4268 ellipsin
971 4183 1024 4269 (of.
1045 4183 1170 4266 Krueg.
1196 4185 1320 4264 69,14,
1342 4182 1374 4264 7)

313 4293 397 4360 velut
423 4297 474 4378 17,
489 4298 507 4357 3
532 4290 617 4357 Ἀλλ’
635 4291 704 4358 οὐδὲ
720 4291 851 4368 ἐξουσίαν
867 4291 941 4366 ἕξεις
957 4288 1097 4356 εἰσελθεῖν
1114 4287 1154 4362 εἰς
1170 4293 1220 4378 τὴν
1234 4287 1317 4354 ἰδίαν.
1328 4325 1372 4334 -
