2996 5086
522 632 653 697 -ca
700 631 756 680 -·

99 823 225 890 toribus
249 847 315 892 non
337 827 442 893 aliena
465 832 554 909 sunt,
578 832 687 893 tamen
710 847 823 892 novam
846 825 973 892 interim
995 826 1167 893 induerunt

99 935 266 999 notionem
297 934 422 1018 aliaque
454 942 552 1018 atque
585 934 671 1018 apud
702 934 774 1000 illos
806 935 931 1001 ratione
963 933 1165 1001 adhibentur.

99 1040 194 1106 huius
218 1042 342 1124 generis
366 1047 440 1107 sunt
462 1040 558 1126 ditior,
582 1040 682 1118 ἄδεια,
710 1041 895 1130 ἀναστροφή,
923 1039 1059 1130 ἐπιβολή,
1087 1046 1167 1127 περί-

98 1170 210 1225 ατααις,
234 1145 369 1234 ῥυπαρία,
393 1153 582 1235 στενοχωρία.
619 1147 754 1231 denique
777 1169 871 1214 nemo
897 1147 1100 1214 obliviscetur
1115 1149 1167 1232 agi

100 1256 138 1320 de
169 1277 288 1340 genere
318 1255 449 1340 Cynico.
493 1254 613 1341 Cynico
643 1261 751 1321 autem
778 1255 891 1338 generi
921 1259 1042 1339 quanta
1071 1255 1167 1322 fuerit

98 1363 298 1429 familiaritas
326 1370 359 1429 et
380 1385 453 1428 oum
476 1384 622 1429 sermone
646 1363 808 1429 cotidiano
837 1368 869 1427 et
893 1383 964 1428 cum
986 1370 1165 1447 poetarum,

98 1472 239 1537 Homeri
260 1471 462 1556 potissimum
479 1470 643 1553 Euripidis
668 1471 928 1553 comicorumque
950 1471 1089 1537 lectione
1111 1491 1165 1534 no-

99 1585 167 1643 tum
197 1583 256 1644 est.
295 1577 378 1644 adde
406 1598 489 1661 quae
512 1575 704 1662 Cynicorum
733 1582 822 1642 secta
845 1582 901 1642 aut
924 1577 994 1660 ipsa
1016 1576 1168 1661 procudit

98 1683 255 1751 vocabula
278 1690 334 1750 aut
358 1691 446 1750 certe
474 1685 507 1748 in
535 1683 654 1749 deliciis
682 1684 795 1750 habuit
819 1679 1007 1769 (αὐτάρκεια,
1031 1684 1167 1749 fortasse

99 1794 197 1858 etiam
221 1790 437 1874 αὐτοδιακονία,
461 1789 577 1880 ἀτυφία,
602 1793 718 1877 θέρμοι,
741 1796 832 1878 πήρα,
856 1793 967 1876 τρίβων,
992 1790 1079 1877 alia),
1104 1791 1167 1856 iam

99 1906 247 1966 tenemus
254 1900 317 1964 tria
325 1899 416 1982 quasi
429 1898 585 1964 elementa
593 1919 634 1963 ex
644 1897 758 1982 quibus
769 1897 1030 1964 serm0Teleteus
1039 1919 1167 1981 compo·

100 2008 181 2072 situs
198 2012 258 2075 est.
292 2029 331 2072 ex
342 2007 426 2072 vitae
442 2007 538 2090 igitur
554 2005 736 2071 cotidianae
752 2005 982 2072 consuetudine
997 2011 1167 2071 manarunt

100 2115 277 2180 nonsolum
285 2114 398 2180 crebra
409 2133 491 2198 quae
504 2113 755 2178 enumeravimus
767 2112 1099 2179 nominademinutiva
1111 2111 1167 2177 sed

100 2224 198 2288 etiam
220 2222 414 2305 palaestrica
435 2220 490 2286 illa
513 2221 598 2286 velut
620 2221 720 2301 γλοιός
743 2219 896 2306 (3o,15),
925 2220 1168 2307 διατραχηλίζεσ-

99 2333 164 2406 θαι,
193 2340 382 2416 προσστῆναι.
419 2328 482 2394 alia
509 2327 550 2394 ad
578 2334 680 2393 artem
708 2327 864 2392 medicam
891 2327 1054 2410 pertinent
1082 2326 1168 2392 velut

100 2440 265 2522 povoorrtu,
292 2433 406 2522 bdpuq,
434 2432 609 2519 ὕδρωπικός.
643 2454 702 2500 neo
729 2435 831 2499 minus
859 2439 974 2517 aperta
1001 2439 1050 2500 est
1078 2434 1166 2518 origo

100 2545 264 2610 nominum
287 2547 381 2630 μᾶζα,
404 2543 551 2618 πλακοῦς,
580 2539 649 2628 ῥόα,
678 2547 773 2629 quot-q
796 2540 845 2605 vel
867 2540 1038 2606 verborum
1061 2563 1168 2624 στραγ-

100 2653 235 2737 γεὺομαι,
255 2654 395 2734 repetito.
425 2649 569 2733 vulgaria
585 2654 659 2713 sunt
679 2653 712 2712 et
733 2647 891 2713 demedio
904 2652 1040 2732 sumpta,
1058 2669 1166 2731 quam·

101 2777 198 2839 quam
213 2777 280 2821 non
295 2754 412 2839 ubique
432 2759 521 2821 certo
546 2753 669 2819 definiri
691 2759 801 2837 potest
824 2759 932 2818 utrum
959 2775 998 2819 ex
1022 2775 1167 2819 sermone

100 2863 226 2946 vulgari
249 2862 379 2946 aliquod
402 2861 571 2928 adsciverit
594 2860 785 2926 vocabulum
801 2860 895 2926 'Peles
911 2860 960 2926 vel
975 2860 1069 2926 huius
1093 2882 1166 2926 auc·

99 2974 189 3037 tores
212 2991 255 3034 an
286 2991 325 3036 ex
355 2968 519 3035 comoedia
547 2989 629 3053 quae
650 2967 736 3033 illam
768 2969 840 3052 ipsa
865 2989 995 3051 quoque
1022 2967 1167 3033 admitte-

101 3077 158 3142 bat
172 3076 340 3142 verborum
358 3076 599 3161 supellectilem.
631 3080 717 3141 certe
729 3074 877 3140 vocabuli
892 3072 1048 3159 ὀξυρεγρὶα
1065 3079 1166 3140 trans·

102 3182 257 3249 lationem
279 3184 413 3268 praeivit
437 3182 685 3265 Aristophanes,
708 3181 795 3246 baud
818 3201 922 3264 pauca
941 3180 1166 3264 proculdubio

102 3291 350 3376 suppeditarunt
380 3288 639 3375 Antiphanes*),
677 3288 841 3372 Philemo,
871 3287 1068 3372 Menander,
1103 3288 1166 3352 alii.

102 3404 199 3464 aucta
220 3419 293 3464 vero
318 3404 368 3464 est
392 3397 547 3463 orationis
571 3395 785 3479 inaequalitas
813 3417 868 3478 eo,
892 3395 980 3479 quod
1007 3395 1102 3460 etiam
1129 3415 1168 3458 ex

101 3505 350 3570 Homerioorum
376 3505 551 3569 carminum
574 3503 710 3569 lectione
735 3507 767 3568 et
783 3501 948 3586 Euripidis
971 3501 1167 3584 aliorumque

101 3613 134 3678 hi
166 3633 329 3679 sermones
361 3611 581 3677 admiscebant
611 3612 688 3676 satis
722 3611 824 3676 multa
862 3610 926 3674 sive
955 3609 997 3675 ad
1035 3609 1167 3675 verbum

101 3719 204 3785 relata
226 3721 291 3787 sive
315 3719 444 3785 detorta
467 3719 515 3784 vel
537 3719 652 3784 leniter
674 3719 840 3784 inmutata.
884 3717 942 3782 sed
964 3717 1057 3782 huius
1079 3716 1167 3782 modi

101 3825 193 3891 locos
216 3847 288 3891 cum
311 3825 479 3909 diligenter
501 3825 659 3890 indicatos
682 3826 825 3907 reperias
840 3825 873 3888 in
897 3823 1045 3905 editione,
1069 3824 1167 3889 nolim

103 3932 209 3998 denuo
233 3933 398 3999 denotare.
438 3938 473 3997 ut
500 3937 607 3997 tamen
630 3953 694 3998 uno
719 3931 831 3998 saltem
854 3931 997 3997 alterove
1020 3931 1166 4014 exemplo

102 4038 246 4121 patefiat,
270 4039 433 4124 quomodo
454 4060 513 4104 nec
528 4039 711 4104 Homericis
727 4038 888 4104 vocabulis
904 4038 1010 4103 aditus
1024 4038 1167 4103 reclusus

175 4183 200 4250 ⁸)
224 4182 267 4237 ‘In
286 4183 455 4253 singulorum
474 4183 671 4236 vocabulorum
689 4199 739 4235 usu
761 4182 899 4251 permulta
924 4181 1113 4249 deprehendas
1132 4181 1167 4235 ab

104 4271 288 4339 antiquiorum
312 4272 479 4340 scriptorum
502 4271 636 4326 munditie
660 4275 689 4325 et
711 4270 840 4326 castitate
862 4268 961 4324 aliena’
984 4269 1113 4326 Mcinelie
1132 4270 1167 4325 de

105 4360 302 4430 Antiphane
320 4361 384 4415 hist.
403 4378 441 4420 cr.
460 4379 488 4430 p.
507 4362 569 4416 809.
