2996 5086
531 635 727 696 „3-

98 829 164 911 ipse
192 829 224 893 in
247 828 386 894 medium
414 827 539 894 adferre
563 835 710 912 poteram
737 834 851 914 utpote
875 830 1062 895 adulescens
1085 851 1162 913 pau·

102 955 210 999 corum
234 939 401 999 auctorum
423 934 562 1001 lectione
585 936 770 1016 instructua
795 957 833 1000 eo
857 935 934 1000 mihi
957 936 1077 1020 gratius
1094 942 1164 1002 erat

100 1047 131 1106 et
153 1042 316 1124 acceptius
340 1041 426 1125 quod
449 1042 481 1106 in
505 1042 565 1107 hac
588 1042 791 1125 potissimum
813 1043 976 1126 provincia
999 1042 1163 1107 consilium

99 1149 317 1233 praeceptoris
340 1150 402 1214 mei
425 1149 501 1213 rnihi
523 1170 589 1215 non
613 1149 723 1214 deesse
747 1149 885 1215 volebat.

163 1257 234 1321 Iam
261 1261 390 1321 utrem
418 1257 521 1339 ipsam
548 1257 732 1340 aggrediar,
766 1258 903 1340 primum
930 1256 1069 1322 breviter
1098 1279 1163 1323 non

98 1363 183 1428 nulla
206 1384 364 1446 compono
388 1385 470 1447 quae
492 1365 599 1447 priore
623 1365 701 1429 artis
726 1364 952 1447 grammaticae
968 1370 1061 1448 parte
1077 1386 1162 1431 com·

98 1470 194 1554 plecti
217 1471 330 1535 solent.

548 1826 662 1914 Caput
688 1825 717 1896 Ι.

348 2003 402 2086 De
430 2003 575 2086 formis
603 2002 907 2086 vocabulorum.

163 2217 221 2284 Ad
247 2220 571 2303 comparationem
600 2241 682 2302 quae
705 2219 869 2303 pertinent
891 2219 971 2284 haec
994 2219 1026 2283 in
1050 2217 1162 2284 'delete

97 2326 200 2390 inveni
223 2348 304 2409 quae
329 2327 629 2392 commemoratione
654 2326 751 2410 digna
774 2331 857 2391 sunt.

165 2429 350 2517 ppdttccrpor
372 2432 477 2499 forma
499 2433 618 2517 legitur
645 2456 674 2517 p.
703 2436 791 2515 10‚5
815 2432 918 2497 Heus.
946 2431 1057 2496 eadem
1085 2453 1163 2496 usus

99 2544 168 2605 erat
191 2539 373 2624 Hyperides
401 2545 483 2606 teste
507 2539 679 2606 Athenaeo
702 2539 739 2603 X
761 2561 794 2622 p.
818 2541 885 2604 424
908 2539 929 2604 (1
952 2561 1011 2604 nec
1040 2559 1163 2622 spreve-

98 2653 150 2711 rat
173 2668 243 2712 eam
266 2645 461 2713 Aristoteles
484 2647 587 2731 probl.
610 2647 647 2712 II
668 2650 722 2717 42.
749 2651 831 2712 870b
856 2650 908 2710 37.
954 2645 1003 2711 bis
1027 2646 1163 2711 eundem

98 2753 348 2836 conrparativum
377 2754 506 2820 exhibet
533 2754 687 2840 Polybius
709 2753 767 2817 XI
797 2757 860 2835 1,1
891 2753 1001 2834 (verba
1027 2753 1163 2818 servavit

98 2859 214 2925 Suidas
243 2882 265 2924 s.
288 2883 316 2924 v.
337 2859 535 2948 ῥᾳδιὲστερον)
559 2867 592 2926 et
614 2860 702 2929 XVI
726 2866 778 2944 20,
795 2865 827 2924 4.
873 2859 1041 2925 retinenda
1063 2860 1163 2943 igitur

97 2967 222 3032 videtur
245 2966 362 3049 forma,
391 2967 466 3032 licet
488 2968 727 3033 concedendum
755 2968 796 3032 sit
820 2966 859 3032 de
882 2969 981 3032 totius
1003 2966 1065 3031 loci
1089 2986 1161 3031 con-

96 3073 290 3138 formatione
318 3073 484 3156 scrupulos
512 3076 632 3140 moveri
657 3095 762 3157 posse.
810 3073 849 3138 cf.
867 3094 948 3156 quae
971 3078 1162 3139 monuerunt

97 3181 137 3244 de
153 3178 269 3244 Arnim
287 3183 458 3263 Gdttinpcr
470 3187 536 3264 pel.
561 3204 634 3247 aaa.
662 3183 745 3247 1890
762 3203 794 3264 p.
814 3185 876 3245 125
901 3181 928 3246 Ι.
943 3179 1058 3245 Sitzler
1078 3201 1162 3246 nerle

92 3290 209 3370 philol.
226 3291 379 3353 rundrrh.
401 3291 485 3352 1890
507 3309 540 3370 p.
559 3293 633 3353 277.

163 3393 284 3459 formae
311 3395 428 3466 πλείους
454 3396 545 3458 πλείω
573 3397 712 3460 πλειόνων
740 3393 929 3460 exhibentur
954 3396 986 3458 in
1010 3392 1160 3475 Teleteis,

95 3501 167 3566 vide
194 3500 307 3566 indicis
330 3523 358 3568 v.
379 3503 471 3574 colb<
494 3524 525 3585 p.
548 3507 601 3568 80.
647 3508 796 3567 neutrum
824 3522 923 3584 genus
950 3501 1073 3567 numeri
1099 3502 1160 3566 sin-

96 3616 215 3699 gularis
238 3638 303 3682 non
328 3622 502 3700 comparet.

163 3728 353 3809 πτωχότατος
368 3723 472 3789 forma
484 3727 589 3789 exstat
606 3728 659 3806 36,
673 3727 713 3788 10
730 3723 812 3788 sicut
828 3719 855 3786 οἱ
869 3726 1053 3808 πτωχότατοι
1067 3723 1118 3805 34,
1130 3726 1159 3788 5.

94 3831 215 3897 eisdem
237 3830 347 3896 formis
370 3831 472 3896 utitur
498 3829 658 3895 Timooles
687 3830 825 3895 comicus
853 3829 940 3912 apud
967 3828 1088 3894 Athen.
1109 3829 1161 3898 VI

94 3961 127 4021 p.
146 3942 210 4002 223
235 3959 252 4002 c
276 3937 327 4022 (of.
345 3937 498 4004 Palladas
515 3937 617 4005 Anth.
634 3936 704 4005 Pal.
721 3935 758 4001 X
780 3939 845 4022 50),
870 3957 941 4001 cum
964 3940 1161 4022 πτωχίστερος

94 4045 231 4110 formam
260 4044 408 4110 exhibeat
437 4043 607 4127 Aristoph.
635 4042 720 4108 Ach.
748 4047 813 4107 423
848 4041 947 4107 Mein.
975 4039 1067 4108 ‘wohl
1101 4065 1161 4107 nur

93 4149 249 4216 komisch'
279 4157 316 4216 ut
347 4151 468 4216 iudicat
498 4151 647 4234 Krueger
671 4172 723 4232 pr.
744 4150 911 4233 sprochl.⁵
935 4153 992 4232 23,
1017 4154 1048 4232 2,
1064 4153 1094 4212 8.
1120 4148 1159 4212 cf.

93 4259 193 4323 etiam
216 4257 482 4323 Kuehner·Blass
512 4262 602 4338 aurs.
624 4279 676 4340 pr.
701 4261 732 4323 d.
754 4279 806 4338 pr.
830 4257 919 4341 spr.³
946 4256 965 4320 I
987 4262 1002 4322 1
1028 4277 1060 4338 p.
1086 4256 1159 4321 564.

163 4366 210 4432 Vt
238 4387 277 4430 ex
306 4367 573 4448 pronominum
601 4387 660 4428 usu
690 4385 753 4428 non
784 4364 870 4428 nulla
899 4361 1039 4427 adferam
1070 4367 1160 4426 nota-

948 4485 981 4539 ll·
