2996 5086
619 553 979 654 '-5o-

334 783 454 849 citatur
476 784 509 849 in
533 782 688 868 Stephani
710 784 873 867 thesauro,
896 804 972 849 nam
993 782 1150 851 Stobaeus
1172 787 1217 849 45
1241 783 1328 870 (lege
1346 785 1407 870 95)

334 912 366 974 p.
385 894 450 956 524
473 889 573 958 Cesn.
591 898 641 957 est
662 892 731 975 ipse
753 892 844 958 locus
867 891 997 958 Teletis.

402 996 509 1087 ἀτυφία
525 999 571 1085 (3,
587 1003 626 1062 15
643 1002 717 1085 μετὰ
733 1001 924 1086 σωφροσόνης
938 1002 990 1063 καὶ
1002 996 1138 1087 ἀτυφίας)
1154 1004 1191 1064 ut
1205 1006 1306 1087 τῦφος,
1321 1021 1408 1062 τετυ-

334 1110 470 1193 φωμένος
482 1104 675 1189 Cynicorum
688 1105 844 1172 vocabula
856 1106 997 1190 propria.
1011 1102 1203 1193 Ἀντισθένης
1215 1102 1266 1192 τὴν
1278 1103 1406 1193 ἀτυφίαν

334 1213 418 1286 τέλος
438 1211 569 1302 ἀπέφηνε
590 1211 704 1296 (Clem.
721 1212 816 1279 Alex.
834 1218 946 1278 strom.
962 1212 1001 1279 H
1017 1216 1057 1277 21
1076 1235 1107 1296 p.
1124 1216 1189 1277 498
1205 1211 1271 1297 Ρ.).
1296 1211 1407 1299 ἀτυφία

334 1319 416 1385 sicut
435 1318 548 1408 ἄτυφος
570 1320 667 1404 (Plat.
684 1319 823 1385 Phaedr.
839 1342 871 1404 p.
890 1324 954 1386 230
967 1317 1026 1405 A)
1051 1319 1264 1402 compluriens
1283 1318 1407 1402 legitur

334 1425 420 1508 apud
427 1426 645 1508 Plutarchum,
659 1424 767 1516 ἀτυφία
775 1432 808 1493 et
815 1425 934 1516 ἀτόφως
941 1426 1181 1512 apudMarcum
1188 1424 1406 1508 Antoninum,

334 1533 423 1599 alios.
457 1532 497 1599 cf.
514 1534 554 1598 Ε.
571 1533 706 1600 Norden
725 1535 758 1599 in
773 1535 869 1603 Varr.
892 1540 952 1600 sat.
969 1534 1057 1600 Men.
1076 1533 1199 1600 observ,
1221 1556 1253 1617 p.
1272 1537 1335 1598 311
1355 1555 1404 1616 sq.

400 1638 620 1707 αότοδιακονίαε
641 1645 694 1723 41,
715 1645 754 1705 13
779 1641 927 1729 ἀναχώρει
943 1639 984 1715 είς
1000 1646 1173 1729 μονοοιτίαν,
1198 1639 1240 1715 είς
1263 1639 1407 1707 αὐτοδια-

333 1752 440 1813 κονίαν.
478 1770 560 1832 quae
583 1749 650 1833 ipse
674 1750 766 1833 quasi
788 1749 1020 1833 interpretatur
1041 1748 1090 1814 his
1115 1754 1167 1832 31,
1186 1753 1222 1812 3:
1247 1750 1409 1822 διακόνους

336 1852 390 1918 οόκ
408 1853 561 1941 ἐπιθυμῶν
577 1854 666 1940 ἔχειν.
691 1875 801 1921 vocem
817 1854 900 1920 hano
915 1855 1013 1922 habet
1029 1855 1224 1941 Chrysippus
1240 1854 1409 1921 Athenaei

334 1959 354 2024 I
368 1982 401 2044 p.
418 1961 490 2026 lsb
506 1957 679 2049 ἐπετήδευον
695 1964 752 2045 γὰρ
768 1964 820 2047 τὴν
836 1958 1065 2026 αὐτοδιακονίαν.
1083 1959 1122 2026 of.
1140 1958 1289 2028 Clemens
1307 1959 1405 2027 Alex.

334 2067 429 2151 paed.
446 2067 465 2131 I
480 2090 512 2151 p.
532 2071 593 2131 157
618 2066 657 2131 Ρ.

401 2175 529 2262 βάκηλοι
559 2173 657 2240 semel
683 2173 801 2257 legitur
835 2177 885 2255 16,
912 2178 951 2240 12
979 2173 1019 2238 de
1052 2174 1207 2256 stupidis;
1241 2174 1281 2240 de
1317 2174 1407 2239 molli

333 2281 461 2347 homine
483 2281 563 2346 dixit
578 2279 783 2364 Antiphanes
800 2301 881 2346 com.
898 2281 954 2345 111
968 2303 1000 2364 p.
1019 2284 1070 2365 59,
1088 2287 1107 2345 2
1124 2280 1241 2362 Mein,
1267 2303 1332 2364 qua
1349 2303 1405 2346 no-

334 2389 421 2454 tione
438 2387 619 2454 Menander
633 2387 684 2456 IV
702 2410 735 2472 p.
754 2391 816 2451 211
834 2387 989 2472 (Hesych.
1006 2409 1031 2452 s.
1048 2389 1194 2475 βόικηλος)
1210 2387 1405 2470 adhibuerit,

334 2516 398 2561 non
425 2496 503 2560 satis
527 2499 629 2578 patet.

399 2602 474 2687 βλάξ
502 2601 601 2667 semel
629 2601 746 2686 legitur
767 2604 865 2684 48,4
895 2598 977 2666 ‘did’
1009 2598 1059 2666 οὖν
1088 2624 1121 2682 γε
1152 2600 1256 2687 ἄνδρα,
1287 2604 1341 2665 καὶ
1371 2599 1404 2664 οὐ

333 2705 454 2793 βλᾶκα’.
473 2730 549 2774 usus
560 2713 630 2774 erat
641 2708 702 2773 hac
714 2729 792 2775 voce
804 2707 1041 2792 Aristophanes
1052 2707 1304 2792 fragmentorum
1321 2729 1351 2775 v.
1367 2707 1404 2772 Π

333 2836 366 2898 p.
387 2819 470 2879 1131
494 2815 595 2880 Mein.
619 2820 732 2881 notum
761 2820 810 2880 est
837 2815 1011 2901 Phrynichi
1037 2814 1077 2881 de
1105 2816 1239 2902 βάκηλος
1267 2819 1300 2879 et
1331 2815 1403 2899 βλάξ

336 2921 500 2988 vocabulis
516 2927 734 3007 praeceptum,
758 2921 797 2987 cf.
814 2922 898 2988 Lob.
914 2944 946 3006 p.
965 2927 1028 2987 272
1045 2921 1245 2988 Rutherford
1262 2925 1318 2988 the
1333 2943 1403 2988 new

335 3033 545 3113 Phrynichus
569 3028 689 3116 (Lond.
706 3050 734 3095 a.
755 3031 854 3112 1881)
878 3052 909 3113 ρ.
928 3033 1002 3097 340.

401 3139 515 3221 βόθρος
538 3141 570 3202 et
593 3139 737 3221 βόρβορος
764 3136 921 3202 vocabula
943 3135 1065 3201 Atticis
1095 3133 1308 3219 scriptoribus
1338 3157 1400 3200 non

333 3243 488 3309 inusitata
501 3242 574 3309 ideo
591 3264 818 3327 commemoro,
839 3244 927 3327 quod
941 3244 1093 3326 leguntur
1108 3244 1192 3308 intra
1206 3242 1400 3308 Phorcidum

333 3350 421 3416 illam
444 3350 682 3416 similitudinem
699 3353 787 3433 27,4
809 3348 902 3422 αότὰς
922 3351 955 3414 δὲ
974 3347 1015 3422 είς
1035 3351 1189 3438 φραγμοὺς
1206 3353 1258 3413 καί
1273 3352 1400 3434 βόθρους

333 3460 384 3520 καί
400 3460 540 3542 βόρβορον
556 3453 702 3542 ἐμπίπτειν
723 3460 821 3545 μηθὲν
842 3463 1052 3544 προορωμένας
1066 3454 1127 3521 κτὲ.
1152 3456 1247 3522 Bioni
1264 3456 1397 3521 vindica-

334 3569 400 3629 tam
416 3565 457 3629 ab
473 3564 598 3630 Hensio
615 3563 669 3645 (cf.
684 3586 717 3648 p.
734 3563 809 3629 XX
825 3569 857 3629 et
874 3568 926 3645 27,
942 3567 965 3628 4
980 3563 1080 3648 adn).
1108 3584 1297 3647 comparare
1316 3564 1397 3628 iuvat
1470 3575 1471 3582 ’

332 3670 471 3736 Monimi
487 3670 527 3737 de
540 3692 637 3736 caeco
655 3676 687 3736 et
702 3669 835 3737 indocto
852 3670 974 3735 dictum
990 3668 1076 3754 quod
1093 3671 1230 3736 servavit
1242 3668 1396 3736 Stobaeus

331 3776 448 3859 1131,
473 3782 515 3842 88
538 3800 569 3861 p.
591 3781 672 3860 216,
698 3781 739 3842 14
761 3777 942 3843 Wachsm.:
967 3776 1102 3864 Μόνιμος
1127 3775 1144 3840 ὁ
1166 3775 1298 3849 Κυνικὸς
1317 3777 1395 3864 φιλό-

333 3905 426 3972 σοφος
446 3884 514 3973 ἐφη,
538 3893 666 3967 κρεῖττον
682 3882 752 3949 εἶναι
774 3886 881 3973 τυφλόν
902 3882 1057 3971 <εἶναι>ἢ
1080 3883 1263 3948 ἀπαίδευτον·
1286 3885 1394 3967 τὸνμὲν

332 3993 388 4075 γὰρ
412 3988 465 4064 εἰς
488 3994 546 4055 τὸν
568 3994 716 4078 βόθρον,
740 3994 790 4055 τὸν
806 3991 838 4054 δὲ
855 3988 896 4063 είς
911 3995 943 4056 τό
958 3993 1111 4076 βάραθρον
1127 3988 1321 4077 ἐμπίπτειν,
1343 3987 1393 4052 ubi

333 4095 403 4163 εἶναι
426 4097 586 4180 supplevit
602 4097 736 4166 Vseuer.
771 4096 811 4163 cf.
827 4097 952 4163 Weber
975 4097 1015 4164 de
1037 4097 1144 4163 Dione
1168 4096 1391 4182 Chrysostomo

334 4202 526 4288 Cynicorum
549 4209 711 4270 sectatore
734 4209 864 4288 (δαέρα.
882 4208 968 4270 stud.
985 4204 1035 4290 X)
1055 4227 1086 4288 p.
1105 4208 1168 4269 209
1194 4204 1268 4268 adn.
1288 4208 1314 4267 1.

396 4310 737 4396 γραμματοδιδάσκαλος
763 4313 892 4393 38,11,
921 4310 975 4376 ubi
1002 4310 1151 4376 usitatius
1175 4309 1288 4376 fuisset
1309 4306 1387 4392 quod
