2996 5086
753 619 974 681 ...14-

395 815 558 876 structura
580 809 754 876 ἀντιτιθέναι
777 817 828 876 τινί
850 835 875 876 τι
898 834 981 896 quae
1004 812 1136 879 Platoni
1158 813 1321 879 familiaris
1347 820 1427 878 est

327 917 444 1000 legitur
459 920 512 997 46,
529 919 567 980 15
592 929 631 1002 τῷ
656 917 789 982 δοκοῦντι
811 930 896 1003 κακῷ
917 921 948 983 τὸ
966 919 1071 984 δοκοῦν
1087 918 1204 1000 ἀγαθὸν
1220 918 1422 984 ἀντιτιθέναι

326 1021 518 1097 multimoda

394 1154 433 1197 ex
467 1132 719 1213 compositorum
754 1153 886 1198 numero
923 1153 1004 1215 quae
1042 1133 1181 1198 dativum
1220 1133 1418 1198 adsumunt

327 1259 543 1305 commemoro
568 1243 761 1304 structuram
781 1239 865 1304 hane
885 1243 995 1323 4v,15
1019 1238 1232 1325 ἐπιβάλλουσαν
1255 1239 1417 1328 ἡγεῖσθαι

326 1351 378 1434 etp
401 1350 551 1430 στρατείαν
573 1349 625 1408 καὶ
647 1349 697 1433 τὴν
721 1344 888 1434 ἀποδημίαν
916 1358 956 1432 τῷ
984 1349 1059 1435 μίλῳ
1090 1354 1203 1432 utpote
1231 1347 1414 1431 prioribus

326 1455 430 1518 minus
445 1454 607 1521 usitatam.
642 1452 720 1517 nihil
735 1453 853 1519 insoliti
869 1453 990 1520 habent
1011 1459 1194 1539 προσγίνεται
1209 1478 1259 1519 τινι
1283 1457 1335 1537 34,
1355 1459 1412 1519 12

326 1565 431 1649 συνέβη
445 1565 497 1641 21,
511 1564 532 1624 4
545 1563 714 1644 περιγίνεται
728 1565 778 1642 21,
794 1565 813 1624 5
826 1564 1000 1645 περιπίπτειν
1013 1566 1067 1645 43,
1080 1568 1110 1630 8.
1128 1566 1183 1645 46,
1198 1567 1238 1626 11
1252 1561 1410 1648 (Krueg.

326 1671 379 1751 48,
400 1673 437 1735 ll
456 1690 528 1735 cum
544 1670 642 1754 adm),
666 1691 688 1733 u
720 1671 864 1737 omittam
879 1670 957 1736 talia
980 1667 1045 1734 edre
1068 1668 1182 1743 ἑαυτοῖς
1205 1675 1411 1757 προϊεμένους

326 1773 391 1840 οὔτε
413 1774 517 1849 ἄλλοις
540 1776 747 1863 μεταδιδόντας
770 1781 894 1860 27,15.

392 1884 521 1948 nomina
540 1883 697 1948 adieetiva
717 1882 833 1966 quibus
854 1883 979 1948 dativus
1001 1883 1157 1949 adhaeret
1172 1884 1299 1968 repperi
1314 1884 1407 1948 haec

325 1994 502 2079 πρόσφορος,
526 1996 674 2078 χρήσιμος
696 1993 747 2054 καὶ
769 1994 894 2078 βοηθός,
918 1996 1062 2075 συνεργός.
1104 1991 1201 2057 verba
1224 1993 1404 2076 scriptoris

326 2096 399 2161 dedi
421 2098 455 2162 in
476 2097 580 2162 indice
603 2118 672 2163 voc.
717 2098 821 2162 minus
844 2098 956 2162 tritum
980 2103 1029 2163 est
1056 2097 1118 2162 hoc
1147 2096 1226 2184 έχων
1257 2103 1403 2183 συνεργὸν

325 2207 373 2268 τὸν
395 2204 519 2268 πλοῦτον
546 2215 582 2289 τζγ
610 2201 814 2287 αι’·ντουκακίορ
838 2208 961 2286 34,13,
1008 2202 1116 2276 οἰκεῖος
1146 2205 1244 2270 semel
1273 2205 1404 2288 legitur

326 2331 364 2376 ea
376 2311 505 2376 notione
518 2331 579 2394 qua
591 2311 771 2394 genetivum
783 2310 951 2377 adsumere
963 2311 1046 2377 solet
1060 2315 1111 2393 37,
1126 2315 1154 2375 l.
1169 2317 1198 2392 2,
1212 2311 1252 2379 of.
1265 2312 1400 2395 Krueg.

325 2421 496 2500 4e,13,5,

392 2525 514 2591 dativus
530 2524 763 2590 instrumentali
778 2525 808 2589 vi
823 2525 872 2591 vel
890 2524 1009 2590 causali
1026 2525 1187 2591 adhibitos
1210 2526 1260 2589 vix
1277 2526 1401 2590 attinet

325 2633 468 2715 singulos
492 2653 694 2697 enumerare:
725 2643 761 2717 ι-ῑγ
785 2635 861 2717 χειρί
884 2630 989 2704 ἐξελών
1014 2636 1102 2714 28,7
1134 2644 1173 2716 τῷ
1197 2632 1287 2716 γλοιῷ
1310 2630 1400 2718 ἠλεί-

324 2746 400 2826 ψατο
425 2743 536 2822 30,15
566 2749 606 2821 τῷ
635 2739 712 2824 λιμῷ
742 2737 904 2804 ἀποθανεῖν
935 2742 1023 2821 30,1
1056 2751 1095 2823 τῷ
1128 2739 1304 2825 πλεονασμῷ
1338 2751 1398 2804 τῶν

324 2845 437 2933 ἡδονῶν
460 2844 638 2932 ἐκμετρῆσαι
663 2848 775 2926 39,14
802 2846 877 2908 πολὺ
901 2843 1121 2931 εάσ-χολὼτερος
1144 2843 1214 2909 εἶναι
1237 2858 1276 2930 τῷ
1300 2847 1400 2933 μηδὲν

324 2951 465 3040 ὑπάρχειν
490 2957 542 3035 36,
569 2956 585 3016 1
610 2950 804 3040 ἀμελέστερος
832 2964 871 3038 τῷ
899 2957 996 3037 τρόπῳ
1022 2957 1074 3036 30,
1092 2958 1122 3020 9.
1155 2953 1282 3036 saepius
1313 2953 1399 3017 dixit

324 3061 481 3146 ἀρκεῖσθαί
502 3084 562 3138 τινι,
586 3060 656 3126 vide
672 3061 736 3128 iud.
753 3082 822 3125 voe.
859 3061 1082 3144 comparativis
1099 3059 1243 3143 adiungit
1264 3065 1297 3124 et
1315 3061 1397 3122 πολὺ

325 3168 463 3254 (35,16.
497 3174 549 3251 37,
566 3171 601 3254 2)
632 3173 665 3232 et
693 3168 795 3252 πολλῷ
826 3170 878 3249 34,
896 3173 926 3233 8.
971 3167 1109 3232 formula
1138 3166 1252 3231 Attica
1283 3170 1335 3229 καί
1369 3189 1396 3229 τι

323 3277 437 3361 μᾶλλον
455 3276 571 3359 legitur
586 3279 639 3357 45,
660 3278 710 3357 12,
733 3274 1058 3358 ef.Krueg.48,15,
1082 3278 1132 3339 11.
1168 3278 1320 3339 constans
1342 3279 1395 3339 est

324 3383 408 3466 apud
421 3382 564 3448 Teletem
588 3381 725 3447 formula
744 3386 770 3444 τί
793 3383 922 3470 διαφέρει
938 3382 987 3446 vel
1004 3382 1100 3446 etiam
1117 3402 1188 3447 oum
1203 3381 1394 3464 pronomine

323 3489 487 3555 indefinito
506 3490 650 3577 διαφέρειν
666 3511 700 3566 τι,
717 3510 781 3554 nou
800 3493 851 3553 τίνι
867 3493 923 3553 aut
935 3491 996 3571 τινί,
1013 3487 1053 3556 of.
1066 3487 1191 3570 Krueg.
1202 3490 1256 3570 48,
1277 3490 1393 3568 15,14.

323 3598 391 3662 sine
408 3618 483 3663 oasu
498 3596 614 3680 legitur
634 3592 668 3659 oi>
690 3606 829 3682 προσεῖχε
852 3597 884 3660 in
900 3595 948 3660 his
967 3600 1018 3678 11,
1034 3599 1070 3658 11,
1093 3598 1145 3658 καὶ
1167 3605 1222 3658 τῶν
1247 3594 1393 3658 δικαστῶν

323 3705 499 3768 κελευόντων
515 3701 653 3787 ἀργυρίου
670 3706 853 3790 τιμήσασθαι
877 3699 911 3765 od
926 3713 1089 3788 προσεῖχεν,
1114 3706 1151 3765 ut
1173 3708 1282 3766 tamen
1297 3700 1392 3766 facile

322 3811 375 3875 ille
399 3810 618 3877 subaudiatur.

389 3919 525 4002 denique
549 3917 689 3984 adverbii
712 3919 813 3983 instar
835 3918 952 4001 legitur
975 3930 1015 4004 τῷ
1039 3916 1096 3983 ὄντι
1121 3921 1174 4000 33,
1194 3922 1222 3982 7.

390 4025 441 4091 De
462 4026 765 4109 comparationis
786 4024 968 4109 gradibus
984 4026 1064 4090 haec
1079 4024 1217 4108 paucula
1232 4024 1391 4090 adnotare

322 4133 406 4200 lieet.
441 4133 658 4216 comparativo
683 4131 884 4197 abundanter
907 4132 1036 4197 additur
1059 4132 1172 4217 μᾶλλον
1198 4135 1249 4210 36,
1268 4136 1298 4194 9.
1331 4132 1390 4197 sed

322 4240 401 4306 haee
425 4239 556 4306 ubertas
581 4239 706 4304 dicendi
728 4239 889 4321 prioribus
913 4261 979 4304 nou
1002 4239 1146 4304 inaudita
1170 4245 1219 4304 est
1243 4238 1389 4324 (Krueg.

322 4353 375 4428 49,
403 4353 431 4429 7,
450 4351 467 4411 5
492 4347 641 4411 Κιιοίιιι.2
658 4345 742 4428 Hp.
761 4349 829 4430 25).
865 4345 904 4410 de
922 4345 1098 4411 Aristotele
1123 4345 1163 4410 cf.
1184 4346 1297 4410 Bonita
1322 4348 1387 4411 ind.
