2996 5086
761 623 982 683 ..24ss

323 812 327 820 ’
404 817 653 901 παραβάλλεσθαι
683 821 732 881 est
758 810 965 897 ‘comparare’
990 817 1079 894 14,3
1110 809 1211 896 ὀρθῶς
1242 809 1277 876 dr
1309 833 1407 894 παρα-

337 924 475 1008 βάλλοιτο
498 926 535 986 τά
558 920 604 986 ἐπὶ
627 934 683 987 τῶν
706 932 824 1008 τεχνῶν,
849 921 887 987 of.
912 920 1039 1003 Krueg.
1059 922 1111 1002 52,
1128 924 1159 1000 8,
1176 922 1207 982 4.
1246 918 1311 983 huo
1333 940 1404 1003 per-

337 1031 420 1096 tinet
443 1030 541 1096 etiam
563 1030 704 1094 medium
726 1029 789 1094 hoe
814 1034 866 1111 27,
885 1031 903 1092 5
927 1030 1025 1116 μηθὲν
1048 1030 1268 1111 προορωμένας.

405 1135 599 1221 άποιιρὺπτεις
623 1136 702 1200 dixit
724 1135 819 1201 Teles
844 1140 936 1216 2,18
960 1130 1104 1216 eretioeo’,
1135 1155 1235 1216 genus
1266 1132 1407 1197 medium

337 1243 523 1327 praeferunt
546 1243 642 1309 Plato
667 1248 700 1308 et
722 1242 899 1325 Xenopho,
924 1241 962 1308 of.
986 1240 1110 1325 Krueg.
1137 1244 1188 1321 52,
1206 1246 1236 1321 8,
1254 1243 1286 1303 4.

404 1350 543 1416 medium
567 1351 768 1436 dynamioum
792 1349 880 1432 qnod
902 1356 1020 1415 vocant
1042 1353 1091 1414 est
1112 1347 1208 1412 etiam
1224 1347 1287 1411 hoo
1310 1344 1406 1410 ἐντελ-

337 1458 418 1521 λεται
441 1461 528 1540 22,3
552 1454 758 1544 ἐντελλομὲνην
782 1461 835 1538 43,
850 1461 903 1538 22,
928 1455 968 1521 os.
992 1454 1116 1539 Krueg.
1136 1458 1187 1537 52,
1201 1459 1232 1537 8,
1247 1457 1277 1517 5.
1318 1475 1406 1537 στρα-

337 1566 446 1628 τευεται
471 1567 522 1647 39,
541 1569 570 1645 6,
599 1564 682 1628 siout
705 1567 932 1649 στρατευομένου
956 1565 1069 1643 47,12
1100 1566 1132 1626 et
1156 1558 1180 1624 εἰ
1203 1561 1405 1644 στρατευσεται

337 1674 441 1755 48,1,
464 1675 513 1736 est
535 1670 620 1736 idem
643 1691 681 1735 eo
704 1667 872 1754 ‘stipendia
894 1666 1020 1751 facere,
1045 1667 1084 1735 of.
1106 1667 1230 1750 Krueg.
1256 1671 1309 1748 52,
1327 1672 1358 1749 8,
1376 1672 1403 1733 8.

337 1799 494 1862 nusquam
525 1779 621 1862 igitur
653 1780 823 1862 στρατεάειν,
858 1785 895 1841 ut
929 1777 961 1841 in
995 1775 1096 1841 titulis
1129 1775 1251 1840 Atticis
1287 1774 1405 1839 saeculi

338 1886 445 1968 quarti
475 1890 507 1950 et
537 1886 625 1951 tertii
657 1906 722 1950 non
751 1885 812 1950 nisi
842 1887 1052 1969 dependenter
1076 1888 1201 1949 exstare
1227 1881 1404 1947 observavit

337 1991 579 2058 Meisterhans²
602 2015 633 2076 p.
655 1996 728 2076 154,
745 1997 775 2057 2.
829 1992 892 2056 huc
923 1991 1064 2075 pertinet
1096 1991 1193 2056 etiam
1226 1990 1404 2052 πολιτε5εται

340 2103 392 2180 39,
411 2104 441 2163 7.
486 2095 594 2182 ‘legati
627 2121 757 2164 munere
788 2097 887 2182 fungi’
918 2097 1115 2182 significatur
1148 2096 1254 2161 activo
1290 2115 1403 2178 genere

334 2205 423 2272 verbi
436 2208 601 2290 πρεσβεάειν
615 2210 665 2288 39,
682 2212 710 2270 7.
728 2210 780 2288 47,
798 2211 848 2285 12,
861 2229 926 2272 non
938 2205 1055 2286 medio,
1069 2205 1107 2272 cf.
1121 2204 1245 2288 Krueg.
1261 2207 1314 2286 52,
1328 2208 1359 2286 8,
1373 2207 1400 2269 8.

334 2313 528 2397 βουλευεσθαι
550 2313 667 2397 legitur
693 2317 744 2396 14,
763 2317 792 2381 5.
816 2317 869 2397 45,
890 2317 940 2377 15.

400 2440 499 2504 genus
523 2420 660 2484 activum
683 2420 771 2486 verbi
799 2421 951 2509 φυλάττειν
979 2422 1082 2505 (39,5
1106 2419 1168 2505 bis)
1201 2424 1235 2485 et
1263 2417 1400 2484 medium

334 2526 455 2612 (19,1)
486 2548 549 2609 quo
580 2527 676 2592 modo
708 2528 791 2592 inter
819 2549 853 2592 se
884 2527 1033 2594 differant
1056 2528 1213 2594 neminem
1235 2525 1399 2610 praeterit.

401 2631 500 2718 ἀρκεῖν
523 2632 611 2698 verbi
636 2655 735 2717 genus
759 2636 898 2701 activum
921 2636 1020 2702 semel
1042 2636 1158 2720 legitur
1178 2635 1223 2700 sie
1245 2633 1332 2718 άριιεῖ
1345 2636 1398 2716 γὰρ
1479 2641 1480 2712 i

332 2749 423 2804 ταῦτα
452 2744 503 2804 καὶ
534 2739 575 2814 εἰς
605 2745 637 2806 τὸ
666 2754 820 2832 προσηνῶς
850 2742 908 2807 ιιτὲ.
932 2748 987 2827 40,
1006 2747 1056 2825 14,
1086 2764 1181 2826 saepe
1203 2740 1342 2806 medium
1365 2745 1399 2804 ut
1479 2755 1480 2778 *

332 2853 449 2930 aequet
476 2848 642 2913 notionem
665 2846 860 2917 ‘contentum
885 2849 963 2916 esse’
986 2850 1144 2934 ἀρκεῖσθαι
1172 2858 1233 2920 τοῖς
1260 2857 1397 2931 παροῦσιν

336 2958 364 3034 7,
380 2959 409 3035 7,
434 2955 474 3022 of.
489 2959 541 3035 28,
558 2959 608 3020 12.
634 2959 686 3040 30,
703 2961 753 3022 10.
780 2963 831 3042 31,
845 2963 875 3022 3.
892 2962 942 3023 10.
966 2961 1019 3040 40,
1034 2963 1072 3039 8,
1096 2955 1249 3040 exempla,
1267 2975 1397 3037 quorum

332 3061 581 3126 vetustissimum
602 3068 651 3128 est
671 3064 836 3130 Herodoti
851 3065 905 3129 IX
930 3069 970 3129 33
995 3063 1158 3149 ἀρνέεσθαι
1181 3064 1304 3126 τοὺτοισι
1326 3063 1396 3148 μου-

331 3188 411 3243 νοισι,
436 3168 565 3252 eollegit
581 3170 725 3238 Veitch⁴
748 3194 779 3255 p.
797 3177 849 3255 99,
873 3171 929 3237 ubi
945 3172 1031 3254 quod
1047 3171 1155 3236 attulit
1170 3167 1259 3237 Ἡοε.
1272 3169 1311 3238 fr.
1329 3165 1395 3232 181³

331 3271 521 3359 Goettlingii
545 3277 684 3343 editione
708 3279 861 3362 deceptus
886 3279 950 3365 (est
966 3279 1220 3365 Ps.-Phooylidis
1238 3301 1267 3346 v.
1286 3278 1321 3364 6)
1345 3277 1393 3342 de·

333 3380 462 3447 lendum
486 3389 545 3464 est,
578 3385 725 3450 addenda
746 3385 832 3452 haud
854 3408 967 3469 pauca.
1014 3386 1113 3452 affero
1137 3385 1277 3452 Aristot.
1303 3386 1392 3453 ethic.

328 3485 455 3553 Nioom.
472 3489 509 3554 ΙΙ
535 3495 563 3554 7.
592 3495 696 3556 1107b
724 3495 762 3556 15
786 3493 919 3576 Epicur.
943 3516 974 3577 p.
993 3497 1046 3577 63,
1065 3498 1104 3558 19
1129 3494 1267 3562 Vsener.
1285 3493 1392 3580 Polyb.

330 3592 424 3658 XIII
440 3600 506 3677 2,4
523 3596 578 3682 (of.
595 3599 614 3662 I
630 3603 681 3682 20,
698 3599 731 3686 1)
751 3599 884 3669 Hieron.
901 3599 1033 3666 Stobeei
1048 3600 1117 3666 flor.
1135 3606 1165 3685 9,
1180 3606 1221 3666 58
1237 3623 1269 3684 p.
1287 3606 1392 3683 200,2
1477 3649 1478 3658 .

329 3697 429 3764 Mein.
443 3710 629 3785 corruptum
646 3709 695 3770 est
709 3701 828 3791 ἠρκὲσυ
840 3705 960 3771 Aesoh.
972 3707 1067 3774 Eum.
1082 3711 1157 3776 213.
1188 3708 1275 3790 apud
1286 3708 1392 3772 Xeno·

328 3806 484 3888 phontem
507 3812 669 3893 apomn.I
693 3818 724 3894 6,
746 3818 764 3876 9
789 3834 852 3878 non
882 3813 993 3880 debuit
1025 3816 1171 3880 conicere
1199 3813 1238 3879 L.
1254 3813 1396 3880 Dindorf

329 3911 345 3977 ὁ
373 3923 434 3987 τοῖς
468 3913 587 4001 ῥᾴστοις
619 3915 799 4005 ἐντυγχάνειν
831 3918 1013 4008 ἀρασάμενος
1042 3944 1100 4006 pro
1133 3923 1177 3987 eis
1210 3943 1293 4005 quae
1324 3921 1391 3986 libri

327 4020 447 4086 habent
477 4020 493 4084 ὁ
524 4034 584 4096 τοῖς
613 4021 731 4109 ῥᾴστοις
757 4023 938 4114 ἐντυγχάνειν
967 4027 1133 4113 άρτιουντως
1160 4033 1323 4116 χρώμενος.
1367 4029 1391 4093 si

326 4127 559 4211 Xenophontis
590 4138 639 4197 est
668 4132 730 4198 hoe
759 4138 889 4217 tmema,
922 4157 1021 4220 prava
1051 4143 1100 4202 est
1126 4137 1180 4203 ille
1210 4138 1391 4204 coniectura

327 4232 444 4318 (neque
480 4237 562 4300 enim
597 4239 698 4304 utitur
726 4239 891 4323 Xenopho
926 4242 1090 4309 locutione
1124 4243 1283 4328 ἀρκεῖσθαί
1317 4247 1388 4332 τινι),

325 4339 446 4406 inutilis
470 4363 556 4426 vero,
581 4344 608 4408 si
631 4367 651 4410 a
674 4345 893 4430 Xenophonte
916 4350 1063 4416 alienum.
