2996 5086
516 627 735 690 ..9,5.ῃ

158 819 324 900 genetivus
347 821 595 902 comparationis
617 821 775 905 reperitur
793 821 826 886 in
847 821 910 886 his:
943 825 971 904 1,
989 827 1008 886 3
1032 826 1160 905 κρεῖττόν

96 945 163 1010 φασι
185 928 217 988 τὸ
243 927 338 992 δοκεῖν
362 927 472 992 δίκαιον
495 924 566 991 εἶναι
588 936 647 991 τοῖν
671 925 773 1006 εἶναι,
796 929 874 993 item
901 931 928 1011 1,
946 931 977 992 4.
1004 932 1055 994 11.

157 1031 285 1098 dativus
307 1034 447 1099 occurrit
468 1038 520 1117 36,
540 1037 556 1098 1
575 1035 650 1098 πολὺ
670 1031 891 1122 εὐσχολῶτερος
909 1033 981 1102 εἶναι
1002 1047 1044 1120 τῷ
1066 1036 1159 1123 μηδὲν

94 1142 241 1226 οιτίιρχειν.

157 1266 177 1310 a
206 1248 448 1332 praepositione
463 1247 549 1314 haud
571 1270 646 1314 raro
662 1248 782 1335 pendet
804 1248 976 1315 infinitivus
997 1271 1069 1315 oum
1084 1250 1159 1316 arti-

94 1351 172 1418 culo.
211 1376 233 1420 a
257 1361 312 1438 πρό
327 1357 564 1440 praepositione
588 1360 641 1437 45,
660 1360 701 1420 13
725 1360 781 1441 πρὸ
798 1366 848 1421 τοῖν
864 1360 1045 1444 τελευτῆσαι.
1077 1358 1161 1422 adut

95 1462 157 1540 1‚5
182 1461 233 1525 διὰ
256 1465 290 1526 τὸ
313 1464 410 1529 δοκεῖν
433 1462 544 1544 ἀγαθοί
567 1459 717 1549 ὑποκριταί
740 1461 810 1528 εἶναι
827 1461 904 1548 (εὖ)
921 1461 1159 1550 δποκρίνονταιῆ

94 1566 139 1630 διὰ
162 1570 193 1631 τὸ
218 1566 307 1646 εἶναι;
330 1570 376 1635 sio
402 1573 430 1652 1,
451 1575 479 1634 7.
504 1576 535 1634 8.
560 1575 661 1654 2,16.
688 1572 765 1636 item
787 1577 860 1657 πρός
883 1573 943 1638 sibi
959 1571 1097 1637 adsumit
1113 1572 1159 1636 in-

92 1671 245 1739 finitivum
270 1697 341 1741 oum
357 1676 492 1743 articulo
518 1681 570 1760 34,
588 1682 608 1741 2
631 1681 706 1762 πρὸς
727 1681 760 1742 τὸ
776 1680 952 1768 φιλοσοφεῖν,
977 1680 1004 1743 si
1019 1701 1095 1745 vera
1111 1684 1159 1744 est

91 1779 200 1864 leeti0;
228 1785 340 1862 34,13
364 1787 439 1870 πρὸς
461 1787 495 1848 τὸ
517 1793 612 1851 πονεῖν
635 1781 655 1871 ἢ
679 1788 772 1872 ζητεῖν
793 1809 819 1850 τι
844 1789 896 1870 35,
913 1790 944 1850 4.
971 1791 999 1853 7.
1028 1790 1077 1852 12.
1103 1787 1159 1852 sed

93 1885 129 1952 de
160 1890 381 1972 compluribus
413 1890 527 1956 horum
560 1890 778 1975 exemplorum
810 1891 893 1958 infra
923 1893 1073 1962 tractabo
1106 1893 1160 1958 ubi

91 1993 303 2062 illustrabitur
326 2019 401 2062 usus
424 1999 711 2081 praepositionum.

155 2099 311 2186 Sequitur
334 2109 370 2169 ut
393 2103 432 2168 de
456 2105 665 2189 participio
690 2105 802 2170 diuam.
836 2105 876 2171 de
895 2107 1075 2191 τεθαμμένοι
1091 2101 1159 2171 εἰσίν

92 2211 142 2291 21,
161 2214 178 2272 7
203 2213 489 2297 κατακεκλεισμένος
511 2212 566 2297 ἔσῃ
591 2216 620 2293 2,
641 2215 683 2276 14
706 2210 845 2299 (Krueg.
864 2215 916 2296 56,
935 2216 964 2296 3,
984 2215 1016 2298 1)
1032 2217 1160 2294 γεγονὼς

91 2313 124 2380 ἂν
146 2314 192 2404 εἴη
218 2317 357 2403 (Krueg.
373 2318 395 2382 l.
412 2323 493 2404 o..3)
517 2317 663 2385 conferas
687 2319 737 2384 sis
753 2341 835 2402 quae
858 2340 956 2402 supra
975 2318 1110 2385 diximus
1125 2320 1158 2384 in

91 2423 193 2506 eapite
219 2423 260 2489 de
283 2424 392 2490 formis
415 2424 644 2490 vocabulorum
666 2447 698 2508 p.
717 2429 736 2489 5
761 2431 793 2492 et
816 2448 848 2509 p.
866 2431 918 2490 27.

154 2530 291 2596 κοτίνοιο
315 2535 473 2621 φαίνεσθαι
496 2533 668 2598 comitatur
683 2531 856 2597 infinitivus
878 2536 930 2615 13,
948 2537 977 2614 6,
1003 2555 1074 2598 oum
1090 2533 1158 2599 solo

91 2637 250 2702 adieetivo
274 2639 417 2721 iungitur
431 2638 516 2704 idem
542 2642 642 2720 1,11.
668 2643 698 2722 9,
717 2645 746 2703 7.
775 2639 868 2726 δῆλος
892 2643 925 2704 et
947 2643 1072 2727 φανερός
1094 2661 1158 2705 nou

89 2742 242 2826 leguntur
269 2745 330 2809 nisi
357 2745 389 2809 in
417 2744 554 2810 formula
582 2747 672 2832 δῆλον
699 2743 742 2809 ὅτι
773 2749 883 2828 13,10
912 2752 944 2812 et
972 2749 1093 2835 φανερὸν
1117 2745 1159 2810 ὅτι

91 2855 120 2931 s,
141 2856 170 2915 ι.
198 2855 251 2917 10.

155 2963 322 3024 structura
350 2956 424 3024 talis
455 2955 572 3039 ἀγαθὸς
600 2955 639 3023 ὢν
668 2959 792 3022 διατελῶ
821 2957 938 3023 nemini
968 2966 1018 3024 est
1037 2959 1158 3042 ignota,

91 3064 147 3128 sed
170 3064 255 3129 mira
277 3065 412 3130 fortasse
435 3063 508 3129 ideo
533 3063 619 3148 quod
643 3065 722 3129 dixit
745 3063 839 3130 Teles
863 3061 920 3146 ἐγὼ
944 3069 995 3150 μὲν
1022 3069 1077 3150 γὰρ
1102 3065 1160 3130 ἀεὶ

89 3169 209 3252 ἀγαθὸς
233 3169 273 3235 ὢν
301 3172 425 3235 διατελῶ
452 3174 502 3254 18,
525 3176 559 3253 2,
589 3170 658 3236 vide
688 3176 796 3237 tamen
825 3173 911 3237 Isaei
942 3194 987 3238 or.
1008 3173 1096 3240 VIII
1115 3176 1159 3237 44

89 3274 156 3340 ἀλλ’
180 3277 432 3367 ἀναμφισβήτητα
454 3282 502 3343 τὸν
525 3276 642 3344 ἅπαντα
664 3284 769 3365 χρόνον
785 3280 985 3366 διετελέσαμεν
1002 3286 1035 3346 et
1049 3300 1159 3345 vorsus

91 3383 289 3450 Philemonis
301 3385 466 3452 Palamedi
481 3407 501 3450 a
517 3382 659 3452 Stobaeo
676 3386 856 3471 adscriptos
872 3385 942 3454 flor.
961 3391 991 3469 9,
1005 3390 1043 3450 2]
1060 3387 1157 3474 (eom.

89 3490 140 3559 IV
156 3514 189 3576 p.
210 3495 249 3557 17
266 3491 382 3578 Mein.)
406 3501 456 3556 τοῦ
472 3497 528 3576 γὰρ
544 3493 658 3562 δικαίου
673 3492 729 3558 κάν
744 3497 873 3579 βροτοῖσι
887 3493 943 3558 κάν
958 3497 1042 3566 θεοῖς
1058 3490 1159 3558 Ἀθά-

88 3621 176 3670 νατος
199 3598 259 3662 ἀεὶ
283 3598 354 3671 δόξα
378 3599 505 3663 διατελεῖ
526 3603 626 3685 μόνον.
661 3598 807 3666 additum
834 3605 883 3665 est
912 3600 957 3665 ἀεί
979 3622 1049 3664 ποτε
1073 3600 1159 3683 apud

89 3703 347 3789 Xenophontem
375 3727 466 3773 conv.
490 3705 578 3774 VIII
599 3710 641 3770 41
675 3705 799 3789 ἀναδῶν
829 3711 885 3791 γὰρ
916 3709 999 3795 φίσει
1026 3711 1078 3771 καὶ
1105 3717 1159 3794 τῆς

89 3811 198 3900 ἀρετῆς
222 3814 382 3903 φιλοτίμως
404 3811 561 3901 ἐφιεμένων
585 3813 630 3878 ἀεί
659 3836 729 3878 ποτε
751 3825 788 3899 τῇ
811 3816 894 3890 Ιπόλει
917 3817 1096 3900 σονεραστὴς
1118 3812 1158 3880 ὢν

89 3917 226 3982 διατελῶ.

156 4031 337 4094 structuras
359 4025 576 4110 partieipiales
601 4047 682 4110 quae
706 4027 899 4092 comitantur
921 4026 1020 4091 verba
1046 4023 1158 4089 αἰσθοί-

88 4154 178 4220 νομαι
197 4130 298 4197 ἀκοίω
319 4129 379 4216 ὁρῶ
395 4132 524 4218 δείκνυμι
540 4129 663 4218 εὑρίσκω
680 4133 748 4201 sim.
765 4133 817 4198 hio
841 4153 1026 4199 enumerare
1047 4154 1156 4216 snper·

88 4238 197 4322 sedeo,
221 4238 283 4308 vid.
300 4237 365 4305 ind.
383 4237 470 4322 quod
494 4238 584 4304 deest
607 4239 812 4323 participium
833 4241 866 4305 in
890 4240 1055 4305 enuntiato
1077 4236 1102 4302 εὶ
1124 4241 1157 4304 δὲ

88 4349 141 4434 τὴν
165 4346 292 4429 πατρίδα
313 4351 444 4433 πονηρὰν
466 4349 517 4410 καὶ
540 4346 698 4433 ἀχάριστον
722 4346 782 4433 (so.
801 4343 907 4435 οὖσαν)
929 4346 1029 4432 ᾔσθου
1055 4349 1156 4430 19,1,

943 4469 978 4524 30
