2996 5086
760 592 956 650 „8-

325 768 428 841 ζοντοι,
453 763 501 826 διὰ
526 763 557 826 δὲ
580 765 703 827 πλοῦτον
727 766 763 826 τὰ
786 759 898 827 ἐναντία
924 767 1046 846 34,11.
1093 786 1159 830 non
1190 765 1311 832 alienus
1348 772 1420 830 est

325 871 378 936 hio
406 870 531 936 dicendi
558 891 634 934 usus
657 868 697 934 ab
721 867 854 951 Atticis,
883 870 921 936 cf.
946 869 1103 934 Kuehn.²
1126 870 1163 936 H
1191 894 1224 955 p.
1242 876 1283 937 60
1316 872 1415 937 adn.

391 977 431 1043 ab
460 976 634 1042 adversarii
661 997 755 1059 quem
778 975 962 1058 adloquitur
985 997 1121 1060 persona
1143 978 1283 1043 secunda
1305 979 1415 1044 inex-

326 1090 472 1168 spectato
503 1083 619 1148 transit
649 1083 789 1165 scriptor
818 1082 859 1147 ad
890 1084 1019 1148 tertiam
1048 1084 1173 1150 numeri
1199 1085 1332 1168 pluralis
1366 1087 1414 1150 in

325 1193 390 1257 his:
422 1191 537 1255 οἴει...
561 1187 633 1274 ὁρᾷς
659 1193 747 1271 34,3
777 1190 899 1263 δείξειας
924 1193 1013 1271 34,9
1037 1187 1110 1275 ὁρᾷς
1135 1195 1256 1272 34,10.
1291 1195 1345 1275 35,
1369 1198 1410 1275 2,

326 1302 534 1387 contraponi
558 1299 589 1361 δέ
614 1302 666 1379 36,
685 1303 714 1379 8,
740 1297 779 1362 cf.
803 1297 916 1363 Hense
939 1320 970 1381 p.
987 1297 1091 1363 XIX.

391 1407 461 1471 Iam
490 1410 528 1469 111
556 1404 601 1469 de
632 1426 795 1470 casuum
824 1425 899 1469 usu
928 1426 991 1470 non
1014 1405 1101 1471 nulla
1124 1405 1277 1472 subiciam
1301 1412 1407 1472 nota-

326 1513 451 1592 biliora,
479 1512 733 1577 interiectionem
755 1510 780 1575 ὦ
804 1511 864 1577 sibi
887 1511 1059 1592 adsumunt
1081 1514 1265 1579 vocativi
1292 1515 1406 1580 nomi-

325 1643 402 1686 num
430 1618 693 1703 appellativorum
724 1621 845 1701 15‚11.
874 1621 987 1702 44,13
1012 1620 1139 1704 (omitto
1163 1625 1216 1703 22,
1233 1624 1264 1685 4.
1289 1622 1404 1704 44,1,

326 1728 381 1794 ubi
396 1732 566 1812 poetarum
582 1748 690 1791 versus
707 1725 918 1814 adferuntur),
939 1727 1141 1810 propriorum
1159 1731 1210 1810 35,
1227 1732 1277 1792 11.
1294 1730 1349 1811 48,
1367 1734 1403 1792 2.

328 1840 417 1901 caret
439 1835 662 1900 interiectione
686 1834 848 1899 vocativus
871 1835 926 1918 qui
947 1833 1064 1920 legitur
1089 1839 1118 1916 7,
1137 1840 1166 1899 3.

393 1941 669 2007 Accusativus
697 1941 866 2025 temporali
889 1941 1017 2007 notione
1041 1941 1210 2008 adhibetur
1232 1943 1265 2006 in
1288 1942 1338 2006 his
1362 1947 1401 2006 τὸ

326 2052 378 2136 μὲν
409 2052 567 2133 θέρος
592 2052 640 2113 τὸν
664 2049 696 2112 δὲ
719 2059 851 2135 χειμῶνα
883 2053 984 2132 31,1,
1008 2049 1065 2116 sed
1094 2051 1218 2115 variata
1246 2051 1400 2116 oratione

304 2157 372 2221 'sio
402 2159 450 2221 τὸν
476 2159 529 2241 μὲν
560 2166 692 2242 χειμῶνα
714 2204 745 2218 ..
768 2205 775 2218 .
799 2158 908 2239 θέροος
939 2156 970 2218 δέ
1002 2160 1032 2238 5,
1049 2158 1088 2239 43
1119 2156 1159 2221 de
1189 2178 1253 2240 quo
1278 2179 1400 2240 genere

327 2264 409 2327 int'ra
432 2263 551 2346 aliquid
574 2262 767 2328 monebitur.
791 2283 922 2327 numero
938 2263 1049 2328 addito
1065 2263 1182 2347 legitur
1198 2267 1251 2347 47,
1268 2266 1290 2328 4
1316 2261 1399 2328 Otos

327 2375 382 2455 γὰρ
407 2369 442 2457 ἦν
465 2373 618 2456 μυριοστὸν
641 2369 715 2452 ἔτος,
739 2369 778 2438 cf.
802 2369 927 2452 Krueg.
952 2374 1004 2451 46,
1024 2374 1054 2451 3,
1075 2375 1102 2435 1.

396 2475 543 2542 absolute
566 2475 704 2560 (Krueg.
725 2478 779 2559 46,
798 2480 827 2559 3,
847 2477 881 2563 2)
909 2480 1072 2559 ponuntur
1095 2478 1268 2542 accusativi
1295 2481 1345 2557 16,
1363 2483 1397 2540 6.

331 2587 371 2646 14
394 2586 426 2646 τὸ
449 2583 610 2646 τελευταῖον
628 2587 715 2666 22,1
740 2587 791 2670 τὴν
813 2581 921 2670 ἀρχήν,
945 2583 1002 2648 sed
1016 2583 1088 2650 vide
1111 2583 1193 2648 infra
1207 2607 1239 2668 p.
1261 2588 1311 2648 19.
1335 2606 1397 2649 nec

327 2689 549 2756 insolentiores
566 2696 640 2755 sunt
659 2690 752 2755 huius
768 2690 855 2756 modi
870 2689 1027 2756 formulae
1043 2690 1185 2756 dicendi:
1209 2695 1235 2754 rt
1255 2691 1394 2775 (Krueg.

328 2800 381 2881 46,
400 2803 430 2879 3,
447 2800 480 2881 4)
503 2794 577 2862 ‘cur³
594 2799 626 2880 4,
641 2802 670 2862 3.
695 2799 725 2862 4.
747 2802 763 2860 7
789 2797 860 2883 (sed
881 2798 929 2862 διὰ
944 2801 969 2861 τί
985 2802 1015 2879 2,
1031 2799 1063 2883 7)
1087 2803 1192 2882 τρόπον
1207 2803 1269 2863 τινά
1286 2804 1336 2882 30,
1353 2802 1393 2862 13

328 2905 359 2968 ὃν
382 2909 486 2988 τρόπον
509 2906 541 2988 4,
561 2908 577 2967 1
602 2904 642 2970 al.
688 2914 797 2988 προῖκα
822 2907 851 2988 5,
868 2906 890 2968 4
906 2904 1045 2991 (Krueg.
1062 2908 1116 2989 46,
1135 2910 1164 2988 3,
1183 2909 1224 2990 5).

395 3012 593 3078 accusativus
624 3012 679 3094 qui
709 3011 826 3076 dicitur
854 3012 1017 3078 relationis
1045 3014 1149 3079 rarius
1176 3014 1334 3078 invenitur
1360 3013 1393 3077 in

329 3120 476 3203 Teleteis,
501 3120 558 3184 sed
580 3119 699 3204 legitur
723 3124 812 3201 26,9
836 3117 863 3183 ol
886 3121 1119 3207 παραλελορένοι
1141 3124 1194 3192 τὰς
1216 3129 1329 3204 χεῖρας.

395 3225 499 3311 figura
522 3248 618 3310 quam
642 3226 882 3312 etymologicam
914 3232 1030 3291 vocant
1061 3226 1260 3309 grammatici
1290 3231 1392 3292 exstat

331 3338 441 3416 39,13
472 3345 535 3405 πῶς
564 3330 723 3418 εὒδαίρονά
753 3355 796 3404 τις
824 3337 884 3417 βίον
911 3331 992 3396 ἔσται
1019 3336 1181 3417 βεβιωκώς,
1215 3331 1392 3415 exemplum

329 3440 422 3505 huius
446 3439 545 3504 simile
568 3439 687 3522 legitur
711 3443 800 3521 39,9
829 3437 938 3504 ἐκεῖνον
961 3443 1008 3503 τὸν
1031 3442 1092 3523 βίον
1115 3439 1147 3503 ὃν
1170 3436 1281 3524 ἐβίωσε.
1326 3440 1390 3523 qui-

328 3548 388 3612 bus
418 3546 501 3612 adde
531 3546 613 3611 hanc
646 3546 772 3612 dicendi
801 3545 933 3612 formam
964 3543 1013 3619 ὀξὺ
1037 3544 1108 3630 ὁρᾶν
1131 3550 1182 3610 καὶ
1205 3543 1255 3620 ὀξὺ
1279 3545 1391 3612 &sobam

333 3658 382 3735 15,
401 3658 419 3718 3
437 3652 576 3740 (Krueg.
594 3657 646 3732 46,
665 3657 695 3736 5,
714 3654 760 3740 6).
799 3654 936 3719 nominis
953 3653 1143 3719 substantivi
1157 3675 1272 3718 munus
1289 3653 1391 3736 explet

329 3761 519 3827 adiectivum
541 3760 760 3844 pronominale
784 3759 919 3844 (Krueg.
941 3764 994 3842 46,
1013 3765 1042 3842 5,
1060 3762 1093 3845 9)
1120 3757 1209 3824 οὐθὲν
1238 3761 1391 3846 δυσχεραί-

328 3889 383 3933 νων
409 3871 460 3951 11,
479 3871 507 3931 3.

397 3972 526 4039 verbum
550 3971 672 4038 ἐπαινεῖν
696 3995 715 4038 a
736 3972 847 4038 Telete
868 3973 984 4058 ubique
1005 3995 1077 4038 curn
1098 3972 1280 4038 accusativo
1296 3973 1388 4057 iungi,

329 4093 487 4164 nusquam
510 4103 581 4146 curn
605 4081 712 4147 dativo
736 4081 788 4144 vix
808 4085 858 4146 est
878 4101 935 4146 our
955 4101 1112 4147 moneam.
1148 4079 1388 4145 111Μ11111ο111.2

354 4238 360 4252 .
381 4192 454 4252 172.

329 4210 350 4271 p
396 4294 525 4360 verbum
549 4294 636 4377 quod
660 4295 691 4358 in
714 4296 815 4358 -ebo
840 4295 1028 4360 terminatur
1042 4292 1206 4358 transitive
1222 4298 1387 4377 usurpatur
