2996 5086
531 646 748 705 ..23-

111 837 160 915 52,
178 839 209 916 2,
227 834 261 920 2)
285 833 420 906 ἀσθενῶς
442 833 552 920 ἔχοντα
578 839 644 917 7,2
671 834 744 906 ἴσως
765 836 873 921 ἔχοντα
897 840 965 918 8,2
989 839 1063 920 πρὸς
1086 841 1176 900 ταῦτα

109 961 171 1012 πως
193 939 300 1027 ἔχοντα
317 945 379 1024 6,9
403 940 459 1006 ubi
480 944 555 1025 πρὸς
578 950 668 1004 ταῦτα
688 940 762 1014 ἴσως
784 941 892 1027 ἔχοντα
916 941 1053 1008 coniecit
1071 941 1174 1011 Diels.

110 1047 322 1130 compositum
351 1051 506 1135 προσέχειν
536 1044 621 1112 ‘aoht
645 1045 757 1131 geben’
789 1047 844 1134 (of.
869 1048 996 1132 Krueg.
1022 1053 1075 1131 52,
1092 1054 1122 1132 2,
1141 1050 1175 1136 3)

107 1154 196 1236 quasi
229 1154 428 1219 intransitive
461 1154 593 1237 ponitur
627 1160 738 1238 spreto
774 1158 821 1220 τὸν
855 1164 920 1220 νοῦν
953 1154 1173 1222 additamento

109 1263 226 1343 11,12.
253 1264 339 1343 13,4
362 1257 397 1324 οἵ)
416 1270 571 1348 προσεῖχεν
591 1261 641 1326 vel
656 1260 689 1326 in
704 1261 769 1326 his:
795 1265 903 1343 35,1o
927 1260 1175 1342 ἀναγινώσκοντος

106 1366 138 1429 δὲ
164 1363 255 1431 atreo
284 1370 331 1432 τὸν
359 1372 466 1431 σιιοτέα
493 1367 552 1457 ἔφη
581 1373 736 1456 προσέχειν
759 1366 823 1455 ἅμα
845 1366 998 1454 ῥάπτοντα.
1044 1368 1173 1433 verbum

105 1477 221 1562 οτρέρω
245 1473 344 1539 semel
365 1473 563 1540 intransitive
586 1476 729 1559 posuisse
752 1480 862 1560 potest
883 1475 983 1541 videri
1006 1474 1110 1558 Teles,
1134 1497 1173 1540 ne

106 1580 228 1661 periret
240 1579 532 1663 homoeoteleuton,
548 1586 600 1663 28,
612 1587 632 1646 8
645 1586 775 1670 στρέφων
787 1585 838 1645 καὶ
853 1583 969 1668 μέλλων
984 1585 1036 1644 καὶ
1051 1585 1172 1667 τρέμων,

104 1686 159 1752 sed
191 1687 300 1753 nescio
333 1709 374 1753 an
404 1686 656 1754 subaudiendum
687 1689 728 1752 sit
754 1691 786 1752 τὸ
811 1689 988 1777 φασιιὼλιον.
1034 1687 1173 1753 medium

102 1791 222 1876 legitur
246 1797 334 1875 6,11
359 1797 433 1878 πρὸς
455 1791 552 1859 ἐνεῐνα
575 1797 762 1883 στρέφεσθαι.

169 1899 350 1964 ἀπαλλάττω
365 1901 496 1967 verbum
510 1907 547 1967 ut
563 1901 649 1967 haud
668 1922 743 1967 raro
760 1901 846 1985 apud
861 1901 993 1967 Atticos
1014 1901 1059 1966 sio
1075 1900 1173 1966 semel

106 2007 204 2072 etiem
228 2007 315 2089 apud
338 2006 483 2073 'feletem
505 2008 697 2073 intransitivi
720 2007 782 2072 vim
805 2006 913 2090 habet,
941 2013 977 2072 ut
999 2006 1065 2072 lere
1088 2006 1173 2072 idem

103 2113 144 2177 sit
174 2118 274 2196 atque
306 2113 479 2179 evadere
510 2110 799 2180 ‘davonkommen’2
834 2118 884 2197 17,
904 2116 943 2179 15
974 2111 1172 2201 ἠγωνισμένου

101 2224 157 2303 γάρ
189 2241 260 2282 ποτε
289 2216 378 2283 αὐτοῦ
407 2224 459 2284 καὶ
488 2219 702 2308 ἀπηλλαχότος
732 2219 862 2292 ἀστείως.
909 2241 947 2286 ao
977 2225 1091 2286 notum
1122 2224 1171 2284 est

102 2326 254 2408 quotiens
278 2348 350 2390 oum
373 2326 434 2391 hoc
458 2327 556 2392 verbo
580 2328 751 2410 iungantur
775 2325 925 2393 adverbia
952 2326 1039 2391 velut
1068 2336 1171 2397 κακῶς

100 2434 205 2505 ναιλῶς
228 2433 370 2519 χαλεπῶς
392 2434 455 2499 alia
478 2433 532 2518 (of.
556 2434 680 2517 Krueg.
699 2438 750 2515 52,
769 2439 800 2515 2,
820 2433 890 2519 11);
921 2433 1040 2499 dudum
1063 2439 1171 2498 autem

101 2540 236 2624 explosa
251 2545 300 2605 est
315 2539 595 2607 Franoofmtensis
619 2541 751 2608 editoris
768 2542 952 2608 coniectura
974 2539 1087 2612 ἄστεως
1109 2561 1169 2622 pro

101 2646 228 2720 ἀστείως
250 2648 513 2731 commendantis,
537 2649 577 2714 de
601 2670 665 2732 qua
686 2648 758 2714 vide
783 2670 864 2732 quae
886 2649 1011 2715 monuit
1033 2646 1073 2715 L.
1090 2647 1169 2712 Din-

101 2753 179 2820 dori
200 2751 355 2839 Stephani
377 2756 457 2821 thes.
482 2756 544 2821 v.I
567 2779 598 2840 p.
618 2759 713 2820 1154.

168 2862 283 2927 aoristi
298 2862 415 2946 passivi
431 2868 656 2928 enumerentur
679 2864 727 2928 hi:
755 2867 806 2947 13,
823 2865 863 2926 14
886 2860 941 2926 oda
956 2859 991 2926 ἂν
1007 2862 1170 2949 διηνέχθης

102 2973 155 3052 38,
174 2973 194 3032 9
220 2972 404 3057 κοιμηθῆναι
426 2973 541 3051 43,14
564 2972 743 3058 λυπηθῆναι.

170 3079 327 3160 βιάζεσθαι
348 3077 378 3140 vi
401 3076 528 3160 passiva
550 3077 667 3161 legitur
698 3080 806 3160 34,11
840 3085 988 3160 καρτερεῖν
1015 3079 1170 3160 βιάζονται,

97 3182 138 3247 of.
164 3181 292 3266 Krueg.
318 3186 487 3267 39,14,1
525 3189 558 3249 et
593 3205 675 3268 quae
709 3183 794 3250 idem
827 3184 957 3268 collegit
991 3183 1033 3248 ad
1067 3182 1169 3249 Thuc.

96 3290 174 3372 Ι2,
195 3292 222 3353 1.

170 3401 311 3484 παρέχειν
343 3397 432 3462 verbi
465 3399 563 3464 modo
599 3398 737 3464 activum
772 3418 872 3482 genus
907 3396 1039 3462 adhibet
1072 3397 1169 3463 modo

97 3503 242 3569 medium
266 3504 321 3591 (of.
346 3504 471 3588 Krueg.
497 3510 549 3588 52,
567 3511 599 3588 8,
616 3506 651 3592 2)
674 3509 705 3587 4,
726 3510 766 3570 10
790 3502 845 3569 οὐκ
872 3503 956 3577 εὐνάς
984 3526 1088 3568 σοι...
1112 3526 1170 3568 πα-

98 3615 193 3698 ρέχω,
210 3610 278 3674 sim.
297 3614 325 3692 5,
339 3613 370 3674 4.
389 3614 442 3694 25,
457 3614 508 3675 14.
548 3611 605 3677 sed
620 3611 775 3696 παρέξεται
790 3614 894 3696 χρείας
909 3613 963 3693 47,
977 3614 996 3674 2
1012 3613 1169 3694 παρείχετο

97 3717 161 3804 (so.
186 3718 304 3805 χρείας)
329 3721 382 3800 47,
397 3722 427 3783 3.

169 3822 315 3888 ἐκδόσθαι
338 3846 454 3908 genere
477 3824 584 3891 medio
601 3825 720 3890 dieitur
735 3823 774 3891 de
789 3823 958 3910 Lysandro
974 3825 1029 3908 qui
1043 3823 1168 3890 filiabus

97 3933 209 3999 dotem
226 3930 383 3998 conficere
400 3955 464 3999 nou
480 3938 610 4017 poterat
627 3937 678 4015 37,
693 3937 729 3996 6:
754 3936 804 3995 καὶ
824 3929 909 4005 οὗτος
929 3937 982 4005 τὰς
1002 3935 1170 4017 θυγατέρας

97 4037 156 4103 οὐκ
168 4036 288 4104 ἐδίινατο
300 4036 446 4105 έιδόοθαι
458 4037 669 4126 (‘ausstatten’
678 4039 803 4124 Krueg.
814 4044 866 4124 52,
879 4045 911 4122 8,
924 4045 957 4126 3)
969 4049 1079 4124 προῐιια
1091 4039 1168 4111 δοὺς.

97 4145 158 4211 sed
188 4167 251 4230 qua
281 4152 331 4212 est
360 4146 559 4214 abundantia
586 4148 728 4230 scriptor
750 4146 938 4230 superaddit
960 4145 1038 4212 illud
1060 4155 1168 4229 προῖκα

98 4255 181 4326 δοίις.
228 4252 269 4320 ab
291 4253 478 4341 Hirsohigio
501 4260 622 4322 temere
652 4255 732 4321 haeo
759 4259 919 4341 temptata
948 4275 1017 4322 esse
1045 4254 1168 4320 monuit

99 4361 217 4430 editor.
