2996 5086
587 615 784 672 ..7-

217 803 346 886 ellipsis,
378 825 474 888 quam
504 809 618 869 vocant
649 806 857 888 grammatici,
889 805 1053 871 masculini
1076 807 1212 872 nominis

149 909 289 995 (Krucg.
315 911 370 992 43,
388 914 418 992 3,
435 913 469 994 2)
503 911 691 976 observatur
723 915 790 993 5,3
824 911 894 998 διψᾷ
924 911 998 976 Χῖον
1030 911 1090 999 (sc.
1114 910 1213 999 οἶνον),

147 1016 288 1082 feminini
321 1017 444 1100 generis
476 1018 509 1081 in
540 1018 589 1083 his
621 1019 736 1090 πολλὰς
768 1024 825 1098 (sc.
850 1018 981 1105 πληγάς)
1011 1020 1094 1107 ληψη
1125 1023 1216 1100 2,14
1272 1015 1273 1018 '

148 1122 200 1207 (cf.
217 1123 341 1207 Krueg.
359 1127 414 1206 43,
432 1127 462 1206 3,
480 1125 522 1208 3),
547 1121 593 1188 ἐπί
617 1124 700 1212 ξένης
720 1128 770 1206 15,
789 1131 817 1206 3,
842 1125 894 1206 ελ,
918 1122 947 1189 ἐν
970 1135 1006 1210 τη
1028 1123 1089 1209 ίδίσρ
1114 1130 1165 1210 15,
1182 1130 1213 1208 4,

147 1230 189 1296 al.
212 1230 316 1295 rarius
340 1251 415 1295 sane
439 1234 488 1294 est
513 1231 631 1295 dietum
658 1233 771 1312 32,14
794 1227 821 1294 οἱ
843 1231 973 1315 βασιλεῖς
995 1228 1077 1295 αὐτοὶ
1100 1234 1215 1321 πολλης

147 1335 206 1423 (sc.
223 1339 292 1423 γης)
309 1335 498 1424 ἐπάρχοντες.
529 1337 572 1402 ad
594 1336 763 1403 articulum
785 1338 892 1402 neutri
916 1338 1050 1421 generiS,
1076 1360 1214 1420 quocum

147 1444 311 1526 genetivus
322 1445 534 1526 coniungitur,
542 1443 606 1510 loci
614 1444 802 1528 significatio
813 1451 918 1510 mente
932 1450 981 1510 est
993 1444 1214 1512 subaudienda

151 1554 200 1629 17,
219 1555 237 1614 5
254 1549 296 1622 είς
319 1554 351 1614 τδ
374 1560 424 1614 τοῦ
440 1549 605 1628 Ἐνυαλίου,
630 1551 668 1616 ci.
686 1551 810 1635 Krueg.
827 1555 882 1634 43,
901 1555 929 1632 3,
948 1557 978 1615 7.
1011 1553 1106 1616 etiam
1122 1574 1210 1637 prae·

148 1658 283 1724 dicative
311 1664 460 1723 neutrum
488 1658 637 1724 adiectivi
665 1659 800 1724 nominis
829 1660 876 1724 ita
899 1658 1069 1724 adhibetur
1092 1665 1128 1724 ut
1151 1661 1212 1724 vim

147 1771 263 1847 aequet
279 1764 469 1830 substantivi
488 1769 538 1848 14,
556 1770 575 1828 6
599 1770 650 1852 την
673 1769 766 1853 φορὴν
789 1766 930 1850 βλαβερὸν
946 1763 1017 1830 εἶναι
1033 1771 1085 1849 20,
1102 1773 1120 1831 3
1137 1772 1213 1852 μέγα

148 1872 180 1934 δὲ
207 1874 258 1935 καὶ
284 1874 428 1959 προσηνὲς
456 1875 507 1958 τὴν
537 1872 663 1955 πατρίδα
688 1875 777 1954 34,3
807 1869 823 1934 δ
852 1872 884 1935 δὲ
911 1873 1037 1943 πλοῦτος
1059 1869 1100 1943 εἰς
1123 1881 1212 1936 ταῦτα

146 1983 292 2064 χρήσιμον
317 1977 405 2064 (πρὸς
427 1987 517 2041 ταῦτα
540 1984 688 2065 χρήσιμος
713 1979 751 2042 ci.
774 1976 917 2063 Iacobs),
946 1977 985 2046 cf.
1009 1978 1134 2061 Krueg.
1158 1983 1211 2060 43,

146 2089 177 2166 4,
198 2088 248 2147 11.
289 2085 366 2150 data
388 2085 449 2149 hac
474 2086 642 2150 occasione
663 2084 941 2168 addopronomen
958 2084 1080 2150 adduc
1097 2085 1212 2150 diversi

146 2193 271 2276 generis
294 2192 424 2257 nomina
447 2191 583 2258 relatum
604 2213 720 2276 genere
745 2191 941 2257 concordare
964 2213 1037 2257 cum
1059 2193 1211 2276 propiore

145 2300 178 2363 in
205 2299 254 2364 his
277 2303 318 2362 47
322 2348 332 2382 ,
351 2303 388 2362 11
420 2311 459 2383 τῷ
487 2304 574 2363 τέκνα
601 2303 652 2362 καί
681 2300 785 2387 φίλους
815 2297 839 2363 εί
868 2302 934 2383 περί
963 2300 1082 2371 τοιὸτοος
1110 2300 1210 2376 πλείω,

147 2405 187 2471 cf.
204 2404 328 2488 Krueg.
346 2409 399 2488 58,
417 2410 447 2488 3,
466 2410 494 2469 2.

211 2512 388 2578 Numero
412 2513 514 2577 utitur
536 2511 631 2578 Tales
654 2512 807 2596 singulari
830 2518 863 2576 et
886 2511 1011 2599 plurali,
1036 2513 1122 2578 duali
1144 2535 1211 2579 non

144 2621 231 2686 item.
266 2619 345 2684 dixit
373 2620 471 2703 igitur
500 2620 552 2682 δίο
582 2617 718 2707 ἀδελφῶν
749 2618 828 2705 (non
856 2619 933 2684 δοοῖν
957 2618 1109 2708 ἀδελφοῖν)
1137 2625 1208 2702 8,6

146 2727 197 2790 δίο
219 2728 342 2814 χαλκῶν
366 2725 442 2812 (bis)
466 2730 532 2807 9‚3
557 2726 609 2789 δίνο
632 2731 779 2810 γέροντας,
811 2727 863 2790 tuo
891 2731 1026 2814 πένητας,
1060 2728 1111 2790 δὺο
1139 2729 1210 2816 φεί-

144 2856 247 2915 ηοντας
259 2839 291 2916 8,
304 2839 324 2897 8
337 2835 389 2897 διἰο
405 2830 505 2919 ἱμάτια
519 2836 570 2914 30,
591 2836 641 2897 13.
658 2833 697 2897 cl.
715 2833 904 2900 Meisterb.²
918 2855 950 2916 p.
966 2836 1026 2898 163
1039 2832 1207 2899 Kuehner·

145 2940 239 3006 Blass
262 2940 282 3004 l.
309 2962 336 3006 c.
359 2963 391 3024 p.
411 2945 485 3005 362.

211 3048 365 3131 pluralem
389 3048 552 3113 nominum
576 3047 820 3129 abstractorum‚
845 3068 907 3131 quc
931 3046 1073 3112 abundat
1096 3067 1144 3111 ex.
1161 3069 1207 3130 gr.

144 3155 317 3237 Isocrates,
334 3176 400 3220 non
417 3153 551 3220 defuisse
567 3154 653 3238 apud
673 3154 817 3221 Teletem
834 3153 1011 3236 exemplum
1029 3152 1125 3218 dccet
1147 3153 1209 3219 hoc

10 3301 23 3345 ,3
144 3267 179 3326 τὰ
196 3263 228 3326 δὲ
244 3259 340 3349 ὀνείδη
356 3273 410 3350 της
433 3262 635 3350 δημοκρατίας
652 3267 704 3344 21,
724 3266 754 3326 8.
779 3261 860 3325 alius
884 3261 1009 3344 generis
1033 3266 1107 3324 sunt
1129 3259 1209 3326 haec

7 3393 23 3451 ,ᾗ
143 3367 198 3433 ὑπὸ
226 3381 282 3434 τῶν
309 3366 389 3435 ἰδίων
418 3375 529 3454 τρόπων
555 3373 591 3449 6,
626 3374 642 3432 7
674 3373 771 3439 παίσας
801 3371 854 3439 τὰς
883 3365 1002 3455 ἡλικίας
1026 3372 1082 3450 38,
1107 3373 1137 3431 6.
1168 3367 1207 3433 ci.

5 3501 21 3564 ρ,
143 3475 293 3541 Kuehn.²
315 3476 352 3540 H
374 3498 405 3557 p.
424 3478 548 3557 lbsqq.

210 3583 351 3648 variatur
373 3602 524 3646 numerus
547 3581 580 3645 in
602 3581 650 3646 his
679 3578 705 3644 οἱ
728 3585 781 3666 ρἐν
804 3582 937 3644 πλοίσιοι
1023 3579 1039 3642 ὁ
1064 3581 1096 3643 δὲ
1119 3585 1209 3668 πίνης

13 3769 16 3785 ,
145 3692 198 3771 35,
216 3694 245 3753 3.
284 3688 399 3770 plurali
427 3709 559 3753 numero
587 3689 717 3771 ponitur
743 3687 849 3752 neutri
873 3688 997 3771 generis
1019 3707 1207 3770 pronomen,

12 3832 22 3888 η
143 3817 335 3879 quamquam
365 3797 506 3879 pertinet
536 3795 578 3860 ad
608 3794 852 3878 praecedentem
882 3815 950 3858 rem
980 3794 1131 3877 singulari
1155 3815 1206 3859 ex-

10 3931 25 3993 ,3
142 3901 276 3967 bibitam
294 3906 345 3985 34,
364 3909 382 3969 3
404 3901 424 3991 η
440 3907 523 3967 πενία
538 3902 646 3966 ιιιολὺει
661 3905 735 3985 πρδς
750 3904 782 3965 τὸ
798 3903 977 3990 φιλοσοφεῖν,
1002 3899 1018 3965 δ
1035 3902 1067 3964 δὲ
1082 3902 1207 3972 πλοῦτος

11 3989 18 4000 ⁹
142 4006 183 4081 sl<
199 4019 315 4074 ταῦτα
329 4017 476 4098 χρήσιμον
493 4014 525 4076 et
540 4031 616 4074 mcx
631 4005 658 4072 οἱ
675 4009 707 4071 δὲ
722 4010 854 4072 πλοίισιοι
871 4009 918 4072 διὰ
934 4006 1036 4071 ταῦτ’
1059 4005 1154 4072 αὐτὰ
1177 4006 1206 4071 ἐν

141 4127 177 4202 τῇ
201 4122 283 4201 πάση
299 4116 428 4203 ἀσχολία
452 4113 528 4181 εἰσίν.
567 4137 704 4200 quorum
720 4115 820 4179 simile
837 4120 886 4180 est
900 4114 961 4180 hoc
979 4118 1030 4197 35,
1047 4119 1066 4178 9
1083 4115 1206 4177 πλοῦτόν

8 4199 15 4220 l
141 4247 172 4288 τε
199 4228 255 4308 γὰρ
282 4225 416 4288 πλεῖστον
443 4221 529 4289 αὐτὸν
556 4223 635 4309 ἔχειν
663 4220 736 4286 ὥστε
761 4223 892 4287 δαπανᾶν
915 4219 956 4294 εἰς
979 4231 1097 4285 ταῦτα
1119 4222 1153 4305 (i.
1177 4242 1204 4285 c.

140 4334 173 4394 τὸ
197 4331 423 4418 φιλοσοφῆσαι),
453 4331 503 4395 cui
526 4329 666 4395 addatur
690 4330 738 4392 διὰ
761 4332 813 4414 μὲν
835 4328 945 4394 ἔνδειαν
968 4339 1116 4412 καρτερεῖν
1138 4332 1205 4412 βιαί-
