2996 5086
760 599 980 661 ..16-

401 799 569 874 suspectus
593 794 654 859 erit
677 793 846 874 articulus,
876 795 1019 875 quamvis
1041 794 1074 859 in
1099 795 1221 877 optimo
1244 793 1327 858 libro
1348 793 1432 875 sit,

333 899 366 962 in
388 898 437 963 bis
462 903 514 980 29,
533 904 550 963 7
566 904 628 986 :pb
655 903 730 984 πρὸς
757 902 814 964 τδν
843 897 1028 986 Πτολεμαῖον
1056 905 1222 986 πέμπε...
1243 898 1324 963 ἀλλά
1349 897 1434 986 [εἰς

333 1003 516 1095 emensas]
539 1009 612 1091 πρὸς
635 1003 779 1093 Κράτητα
803 1028 867 1072 non
899 1007 1001 1072 solum
1027 1011 1161 1090 propter
1184 1005 1429 1073 membrorum

334 1113 582 1178 concinnitatem
597 1112 654 1178 sed
669 1114 743 1196 quia
759 1134 857 1196 supra
872 1113 989 1197 legitur
1004 1113 1071 1179 sine
1083 1112 1149 1178 ulla
1163 1112 1319 1178 librorum
1338 1113 1427 1178 dis-

333 1221 499 1303 crepantia
521 1223 610 1302 16,4
633 1217 688 1284 bob
712 1219 907 1307 Πτολεμαίου.
938 1242 996 1286 suo
1020 1221 1117 1304 igitur
1139 1221 1208 1287 iure
1232 1222 1425 1287 adnotavit

332 1327 458 1394 Hense:
482 1325 569 1413 ‘apic
584 1332 631 1393 τὸν
648 1326 686 1394 S:
710 1332 784 1413 πρὸς
807 1327 879 1392 ΜΔ
902 1329 1042 1395 fortasse
1066 1327 1170 1395 recte’.

399 1436 541 1500 auctoris
557 1456 673 1501 nomen
694 1456 820 1519 semper
840 1435 974 1500 articulo
996 1435 1200 1518 distinguitur
1214 1436 1246 1499 in
1265 1433 1422 1500 formula

333 1545 419 1629 φησὶν
435 1539 451 1605 δ
464 1542 544 1607 δεῖνα
559 1543 655 1625 idque
668 1543 736 1608 sine
749 1543 896 1608 codicum
913 1541 1139 1624 discrepantia.
1163 1541 1309 1623 exempla
1325 1547 1419 1604 sunt

332 1649 425 1714 haec:
461 1653 489 1730 a,
507 1653 538 1716 4.
567 1653 598 1730 4,
619 1653 646 1713 1.
677 1653 743 1731 as
773 1648 826 1734 (cf.
851 1649 915 1735 11).
942 1652 993 1729 io,
1013 1653 1042 1712 a
1074 1651 1415 1729 leonianae.

333 1761 385 1835 26,
405 1760 456 1820 13.
482 1761 578 1837 29,1.
605 1761 656 1839 38,
669 1760 700 1824 4.
726 1755 765 1821 ol.
783 1757 879 1822 etiam
895 1759 950 1838 45,
966 1760 1016 1820 16.
1040 1759 1094 1836 47,
1108 1760 1139 1836 9,
1163 1755 1223 1820 etsi
1245 1775 1309 1819 non
1325 1761 1415 1818 sunt

332 1884 463 1947 prorsus
480 1863 620 1928 eiusdem
636 1869 796 1929 monetae.
819 1868 907 1928 recte
923 1863 1019 1947 igitur
1042 1862 1224 1953 suppletum
1248 1867 1296 1926 est
1310 1866 1365 1942 31,
1385 1867 1414 1926 4

333 1975 419 2060 φησὶν
441 1969 482 2050 <δ
498 1969 660 2059 Διογένης)
684 1993 755 2036 cum
780 1971 926 2037 articulo.
959 1970 1013 2035 ubi
1037 1975 1144 2035 autem
1160 1969 1298 2035 formula
1320 1969 1412 2034 haec

333 2079 577 2162 derelinquitur,
603 2080 698 2144 etiam
721 2079 876 2144 maiorem
899 2077 959 2142 sibi
983 2078 1078 2143 sumit
1102 2077 1196 2142 Teles
1217 2077 1411 2142 libertatem

331 2186 470 2270 ponendi
499 2186 668 2251 articulum
700 2185 748 2251 vel
778 2206 841 2250 non
871 2185 1026 2268 ponendi:
1055 2183 1153 2272 Ζηνων
1182 2183 1240 2273 ἔφη
1270 2184 1410 2267 scripsit

334 2296 385 2374 35,
399 2297 420 2357 4
443 2290 477 2356 ob
500 2304 603 2365 κακῶς
620 2293 651 2356 δὲ
672 2295 723 2356 καὶ
739 2292 860 2374 Θέογνις
880 2293 957 2372 λέγει
974 2295 1026 2373 34,
1042 2297 1071 2358 6.
1093 2288 1127 2354 cb
1146 2302 1250 2363 κακῶς
1266 2287 1315 2355 οὖν
1331 2288 1410 2354 οὐδὲ

332 2399 490 2490 Σοφοκλῆς
513 2398 572 2464 art.
595 2399 669 2489 libri
690 2400 846 2485 praebent
870 2405 922 2480 36,
942 2404 972 2481 3,
996 2400 1053 2466 sed
1075 2420 1152 2464 mox
1174 2395 1230 2461 oba
1251 2397 1310 2462 ἀπὸ
1332 2404 1408 2482 τρό-

331 2530 386 2571 rou
418 2508 450 2570 δέ
479 2530 529 2594 μοι
560 2509 641 2572 δοκεῖ
671 2504 732 2572 οὐδ’
761 2505 778 2571 ὁ
807 2505 966 2596 Εὐριπίδης
997 2505 1186 2592 ἐγκωμιάζων
1216 2507 1308 2587 λέγειν
1339 2504 1406 2569 aas.

334 2618 386 2697 37,
403 2619 434 2678 9.
458 2611 513 2678 oba
529 2613 631 2702 ἀηδῶς
646 2614 702 2699 γὰρ
719 2614 843 2703 Κράτης
865 2614 984 2697 legitur
1003 2617 1054 2695 33,
1073 2618 1102 2694 2,
1127 2612 1183 2678 sed
1207 2613 1304 2696 paulo
1324 2619 1406 2678 ante

332 2721 474 2786 eiusdem
505 2723 658 2786 sermonis
691 2722 810 2804 pagina
844 2725 931 2800 31,s
964 2725 1053 2785 recte
1083 2720 1197 2802 procul
1230 2719 1328 2785 dubio
1360 2740 1406 2783 ex

331 2827 487 2893 librorum
510 2829 671 2912 scriptura
693 2827 878 2915 ὦφιλημονε
902 2827 1010 2892 elicuit
1034 2825 1198 2892 Gesnerus
1221 2822 1276 2889 oba
1296 2824 1405 2912 ἀηδῶς

332 2932 348 2997 ὁ
372 2933 557 3022 Φιλήμων,
583 2935 725 3017 quamvis
749 2934 788 3000 de
812 2933 905 2999 exilio
923 2955 1025 2999 sermo
1042 2933 1195 3017 praebeat
1215 2937 1263 3011 17,
1283 2936 1323 2995 16
1344 2930 1404 2995 οὐκ

332 3040 434 3129 ἀηδῶς
458 3039 603 3129 Φιλήμων
633 3042 700 3108 sine
730 3041 875 3106 articulo.
922 3041 968 3106 sic
998 3040 1095 3105 etiam
1124 3036 1180 3102 oba
1209 3037 1312 3126 ἀηδῶς
1342 3043 1403 3123 γὰρ

331 3146 491 3235 Εὐριπίδης
514 3151 568 3227 41,
583 3151 612 3213 2.
653 3145 716 3226 (ὡς
737 3146 863 3211 Πλάτων
884 3151 996 3234 entole
1019 3145 1201 3229 suppletum
1225 3152 1274 3209 est
1299 3149 1398 3226 12,1.

333 3255 484 3320 credibile
509 3260 558 3320 est
580 3255 678 3338 igitur
700 3255 806 3337 ipsum
829 3255 1019 3337 scriptorem
1042 3254 1074 3317 in
1091 3253 1158 3318 eius
1175 3251 1263 3317 modi
1286 3252 1401 3317 locuti-

333 3361 445 3427 onibus
461 3362 608 3428 varietati
630 3381 696 3426 non
719 3360 795 3425 nihil
816 3360 951 3441 dedisse,
975 3360 1050 3424 licet
1072 3360 1317 3442 epitomatorem
1333 3380 1400 3424 non

331 3469 392 3533 hoc
409 3468 463 3533 illo
478 3468 552 3533 loco
570 3468 738 3553 apristina
753 3468 858 3533 forma
877 3468 1047 3533 recessisse
1071 3488 1165 3532 nemo
1190 3467 1398 3549 praestiterit.

399 3581 558 3640 terrarum
587 3575 767 3640 nominibus
798 3575 894 3641 modo
926 3575 1062 3640 adicitur
1091 3574 1244 3639 articulus
1271 3574 1341 3655 (16,
1361 3575 1400 3658 1)

333 3683 427 3747 modo
456 3682 635 3747 detrahitur
663 3683 735 3765 (16,
753 3687 782 3746 7.
812 3688 842 3746 8.
870 3686 920 3764 16,
939 3684 985 3767 3).
1031 3682 1064 3744 in
1092 3680 1204 3746 eadem
1231 3680 1296 3744 fere
1325 3701 1399 3744 con-

333 3789 458 3854 dicione
482 3794 651 3854 versantur
674 3790 803 3854 nomina
831 3789 971 3870 urbium,
1000 3789 1097 3854 modo
1126 3787 1299 3853 adsumunt
1322 3789 1398 3852 arti-

334 3898 439 3962 culum
462 3896 557 3961 modo
582 3895 737 3961 abiciunt:
762 3899 815 3968 τάς
831 3893 968 3984 Ἀδηνας
989 3892 1265 3978 8,13το”ηΣπάμτη
1288 3897 1397 3974 44,15

333 4003 439 4091 Θηβῶν
463 4007 520 4084 26,
544 4008 561 4066 7
589 3999 623 4066 &a
651 4002 757 4090 Θηβῶν
782 4008 839 4085 22,
858 4008 889 4067 9.
941 4004 1070 4068 nomina
1101 4001 1232 4084 gentilia
1264 4022 1398 4067 numero

333 4109 448 4192 plurali
460 4109 601 4174 exhibita
613 4130 738 4193 semper
750 4115 860 4175 carent
871 4109 1006 4174 articulo
1023 4107 1077 4194 (cf.
1091 4106 1215 4191 Krueg.
1231 4111 1397 4194 56,2,11).

333 4217 378 4281 sic
399 4213 560 4304 Ἀθηναῖοι
584 4220 636 4295 36,
657 4219 706 4278 12.
737 4220 838 4298 21,6.
868 4219 968 4297 37,1.
999 4220 1050 4294 36,
1071 4218 1108 4278 ll
1139 4213 1279 4299 Κοπμίων
1308 4218 1396 4297 35,6

333 4322 564 4409 Λακεδαιμόνιοι
588 4326 711 4406 26,10.
737 4327 825 4404 45,7
856 4322 1017 4408 Μεγαρέων
1043 4325 1095 4402 21,
1116 4325 1165 4385 14.
1195 4321 1306 4405 regula
1332 4343 1396 4387 non
