2996 5086
540 655 760 716 -53-

10 833 11 842 ¹
121 846 274 930 Galenus,
291 844 472 932 Oribasins)
488 849 737 912 consentaneum
754 850 813 927 est,
838 844 894 911 sed
915 854 1071 930 μονοσιτεῖν
1090 843 1188 910 habet

119 954 284 1038 Xenopho
310 959 343 1019 et
365 952 574 1020 Aristoteles.
995 958 997 962 ’

184 1060 350 1148 οἰκητήριον
367 1060 502 1145 (Bionis,
518 1065 556 1125 ut
571 1057 709 1146 videtur)
728 1062 758 1143 5,
773 1062 803 1124 5.
819 1063 893 1125 ante
910 1058 1047 1125 Bionem
1059 1059 1186 1142 Euripi-

118 1170 172 1236 des
196 1168 291 1234 offert
314 1166 371 1235 Or.
395 1171 491 1252 1114,
515 1168 612 1234 tertio
637 1167 766 1233 saeculo
790 1167 962 1252 Lycophro
987 1166 1083 1235 Alex.
1107 1171 1186 1250 3763

118 1277 324 1360 recentiores,
348 1276 435 1342 velut
458 1275 652 1346 Plutarchus
676 1274 715 1340 dc
740 1275 834 1341 exilio
857 1298 890 1359 p.
908 1280 971 1340 602
995 1274 1038 1358 D,
1062 1274 1103 1340 al.

182 1381 340 1470 ὀξορεημίορ
369 1388 542 1467 σπαράττειν
568 1385 619 1466 13,
637 1387 668 1451 6.
703 1381 800 1448 verbo
830 1403 869 1446 ex
898 1381 990 1465 plebe
1018 1382 1121 1465 petito
1147 1381 1187 1446 de

117 1491 257 1557 mulieris
285 1489 452 1557 stomacho
480 1491 543 1555 iam
570 1489 674 1554 utitur
700 1486 948 1572 Aristophanes.
985 1487 1027 1553 cf.
1049 1487 1186 1553 Photius

116 1620 147 1682 p.
172 1601 248 1680 340,
274 1601 333 1661 22:
358 1593 538 1683 ὀξορεημεῐν·
568 1593 636 1661 ὅταν
666 1592 736 1682 μεθ’
762 1592 874 1682 ἡμέραν
897 1591 1017 1680 ἐποξὶση
1041 1592 1061 1682 ἡ
1084 1600 1186 1683 τροφή·

117 1701 336 1792 Ἀριστοφάνης
351 1701 381 1767 ἐν
396 1701 514 1791 Σκηνὰς
529 1703 827 1788 καταλαμβανοὺσοιις
850 1702 945 1786 (com.
962 1701 998 1766 Π
1015 1705 1033 1766 2
1049 1723 1081 1784 p.
1102 1703 1186 1764 1143
1297 1719 1300 1726 ⁴

116 1813 154 1877 fr.
167 1811 201 1879 V
212 1809 387 1899 Μοίιι,)πήν
399 1807 562 1897 centuplus
574 1806 666 1882 οὕτως
678 1808 746 1899 ἔφη·
763 1805 824 1872 ςκαὶ
835 1813 893 1897 μήν
904 1807 1042 1885 ἄκουσον,
1058 1807 1082 1872 ὦ
1094 1811 1186 1890 ptum,

118 1923 217 2004 θοροῦ
230 1918 301 2004 δίχα
313 1915 376 1981 Καὶ
387 1919 483 2001 κρῖνον
496 1913 569 2004 αὕτη
585 1919 627 2004 μή
638 1913 699 2003 μετ’
709 1912 901 2001 ὀξορεημίας’.
923 1916 986 1981 hoc
994 1915 1186 1982 vocabulum

10 2065 11 2088 ι
114 2027 200 2091 inter
223 2024 337 2091 Bionis
360 2020 491 2110 ὀνόματα
514 2027 640 2112 φορτικά
662 2023 731 2089 iure
753 2019 878 2089 rettulit
897 2022 1012 2107 ,Hense
1032 2044 1064 2106 p.
1082 2021 1185 2090 XLV.

181 2129 359 2217 ὁπλομάχος
382 2130 483 2216 (39,1
509 2133 556 2195 τὸν
580 2127 769 2217 ὁπλομάχον)
793 2134 842 2195 est
864 2129 1016 2213 magister
1039 2128 1094 2212 qui
1109 2128 1184 2194 adu·

113 2240 273 2306 lescentes
298 2236 393 2304 armis
417 2236 583 2303 decertare
599 2236 706 2317 docet,
730 2257 804 2319 non,
820 2241 858 2301 ut
873 2236 959 2320 apud
973 2235 1128 2322 Xenoph.
1146 2235 1185 2302 de

10 2341 11 2386 3
114 2368 181 2430 rep.
198 2343 320 2412 Laced.
337 2344 394 2409 XI
410 2350 441 2427 3,
458 2343 512 2427 qui
528 2343 623 2408 armis
638 2343 707 2427 ipse
723 2347 855 2426 pugnat.
873 2346 979 2408 exstat
996 2341 1185 2409 vccabulum

115 2453 148 2518 in
177 2450 439 2535 inscriptionibus
469 2449 543 2516 inde
574 2471 594 2516 a
623 2449 720 2515 tertio
752 2470 781 2514 a.
806 2448 882 2514 Ohr.
905 2470 937 2514 n.
971 2450 1111 2532 saeculo,
1143 2448 1183 2514 cf.

115 2559 304 2626 ΜοίειοιΙι.Β
319 2580 352 2642 p.
366 2563 420 2641 98,
434 2563 463 2625 3.
487 2562 562 2641 post
574 2556 719 2623 Toletum
736 2554 874 2622 offerunt
886 2555 999 2642 Polyb.
1012 2557 1051 2622 H
1063 2560 1115 2639 65,
1132 2561 1184 2640 11,

10 2675 11 2732 3
116 2665 235 2732 Strabo
252 2665 353 2749 (XVI
367 2687 400 2748 p.
419 2669 482 2729 752
506 2664 699 2751 πωλοδάμναι
721 2665 773 2728 καὶ
788 2661 956 2751 ὁπλομάχοι
971 2667 1022 2729 καὶ
1037 2662 1101 2728 ὅσοι
1115 2686 1185 2728 παι-

116 2775 213 2838 δεοταὶ
235 2783 291 2836 τῶν
314 2771 506 2858 πολεμικῶν),
530 2770 734 2839 Plutarchus.

181 2877 389 2965 ὀρθοπραγὶας
414 2881 465 2960 14,
484 2882 514 2946 9.
548 2877 623 2944 alibi
649 2899 701 2943 me
722 2877 829 2962 legere
851 2898 917 2943 non
939 2878 1083 2961 memini3
1106 2877 1184 2943 rele-

10 2989 11 3038 ἰ
118 3009 231 3071 gamur
255 2986 297 3051 ad
317 2983 486 3051 Strabonis
510 2985 618 3050 nescio
642 3005 735 3067 quem
758 2984 874 3050 locum.
910 2983 965 3050 sed
989 2980 1184 3070 ὀρθοπραγεῖν
1318 3016 1320 3020 ’

10 3103 11 3180 ξ
117 3099 223 3160 exstat
246 3092 333 3177 apud
348 3090 569 3174 Aristotelem,
593 3089 664 3156 vide
680 3090 745 3156 ind.
762 3089 889 3159 Bonitz.
907 3113 930 3157 s.
945 3114 972 3158 v.
1008 3090 1046 3158 cf.
1063 3090 1182 3158 Demo·

116 3201 215 3266 critus
240 3198 373 3265 Stobaei
396 3198 433 3264 ΙΙ
456 3221 487 3283 p.
505 3200 581 3281 211,
602 3200 640 3261 19
658 3196 824 3263 Wacbsm.

180 3309 349 3390 περίστασις
373 3307 441 3389 (41,
465 3310 482 3369 7
509 3308 582 3389 πρὸς
605 3308 657 3391 τήν
680 3309 844 3390 περίστασιν
867 3301 990 3388 ὁρῶντες
1013 3309 1046 3370 et
1068 3305 1185 3371 lemma

115 3415 221 3497 4o,1)
245 3412 401 3495 temporis
429 3411 512 3476 ratio
541 3416 590 3476 est
612 3410 661 3477 vel
690 3415 872 3495 temporum
898 3409 1043 3477 condicio
1068 3410 1182 3495 signifi·

115 3520 247 3594 catione¹
264 3523 302 3583 ut
316 3517 452 3603 Polybio
475 3516 682 3602 perfamiliari
704 3518 750 3583 ita
772 3517 812 3583 ab
829 3516 950 3583 Atticis
974 3518 1182 3602 scriptoribus

115 3627 229 3693 aliena.
267 3624 306 3689 cf.
322 3623 466 3691 Kaelker
487 3624 509 3689 l.
526 3646 554 3692 c.
570 3647 602 3709 p.
621 3628 695 3690 302.

182 3733 318 3804 πλακοῦς
342 3731 386 3819 (5,
406 3735 425 3795 2
448 3742 531 3816 πεινᾷ
553 3753 596 3802 τις
618 3731 799 3818 πλακοῦντα)
824 3737 874 3797 est
901 3753 963 3798 vox
991 3732 1075 3797 vitae
1103 3732 1181 3798 coti-

115 3841 245 3922 dianae,
274 3839 358 3904 undo
382 3839 577 3906 comicorum
601 3839 656 3924 (cf.
680 3837 795 3905 Iacobi
822 3838 888 3904 ind.
911 3860 993 3906 com.
1017 3861 1043 3904 s.
1066 3841 1122 3925 νή,
1147 3845 1182 3904 ut

115 3953 201 4014 recte
232 3945 411 4013 observavit
435 3944 566 4012 Schmid
595 3950 656 4012 der
678 3949 873 4012 Atticarmur
900 3946 919 4010 I
945 3969 977 4030 p.
1001 3949 1075 4010 316.
1114 3951 1180 4013 ute-

114 4054 235 4122 bantur
256 4052 317 4118 hac
340 4053 437 4118 etiam
459 4054 665 4136 recentiores,
688 4052 787 4136 Plut.,
811 4051 929 4137 Epict,
953 4051 1034 4118 Luc.

181 4161 368 4245 πλεονασμός
396 4160 462 4244 (39,
487 4163 528 4224 14
555 4172 595 4246 τῷ
621 4161 797 4246 πλεονασμῷ
820 4169 875 4223 τῶν
898 4156 1025 4246 ἡδονῶν)
1049 4180 1112 4224 non
1135 4159 1180 4225 in-

114 4269 214 4334 veniri
230 4266 356 4332 videtur
371 4271 446 4332 ante
462 4265 689 4349 Aristotelem3
706 4266 842 4332 recurrit
858 4265 943 4349 apud
955 4265 1081 4351 Polyb,
1093 4266 1180 4334 Plut.

180 4379 317 4463 ποιήτρια
330 4378 359 4456 3,
373 4370 477 4461 balim
493 4372 550 4460 (sc.
566 4371 586 4462 ἡ
599 4374 691 4460 τὺχη)
704 4421 711 4436 .
724 4421 730 4436 .
744 4421 750 4436 .
763 4371 861 4458 ὥσπερ
873 4377 1009 4461 ποιήτρια
1026 4372 1176 4459 (Bionis),
