<?xml version="1.0" encoding="UTF-8"?>
<!DOCTYPE html PUBLIC "-//W3C//DTD XHTML 1.0 Transitional//EN"
    "http://www.w3.org/TR/xhtml1/DTD/xhtml1-transitional.dtd">
<html xmlns="http://www.w3.org/1999/xhtml" xml:lang="en" lang="en">
 <head>
  <title>
</title>
<meta http-equiv="Content-Type" content="text/html;charset=utf-8" />
  <meta name='ocr-system' content='tesseract 3.04.00' />
  <meta name='ocr-capabilities' content='ocr_page ocr_carea ocr_par ocr_line ocrx_word'/>
</head>
<body>
  <div class='ocr_page' id='page_1' title='image "./deteletiselocut01mlgoog_0052.png"; bbox 0 0 2996 5086; ppageno 0'>
   <div class='ocr_carea' id='block_1_1' title="bbox 527 631 746 693">
    <p class='ocr_par' dir='ltr' id='par_1_1' title="bbox 527 631 746 693">
     <span class='ocr_line' id='line_1_1' title="bbox 527 631 746 693; baseline 0.005 -17"><span class='ocrx_word' id='word_1_1' title='bbox 527 631 746 693; x_wconf 75' lang='grc'><strong>-47-</strong></span> 
     </span>
    </p>
   </div>
   <div class='ocr_carea' id='block_1_2' title="bbox 533 937 742 1026">
    <p class='ocr_par' dir='ltr' id='par_1_2' title="bbox 533 937 742 1026">
     <span class='ocr_line' id='line_1_2' title="bbox 533 937 742 1026; baseline -0.005 -18"><span class='ocrx_word' id='word_1_2' title='bbox 533 937 648 1026; x_wconf 86' lang='lat' dir='ltr'>Oaput</span> <span class='ocrx_word' id='word_1_3' title='bbox 674 937 742 1008; x_wconf 88' lang='grc' dir='ltr'>ΠΙ.</span> 
     </span>
    </p>
   </div>
   <div class='ocr_carea' id='block_1_3' title="bbox 413 1117 868 1222">
    <p class='ocr_par' dir='ltr' id='par_1_3' title="bbox 413 1117 868 1222">
     <span class='ocr_line' id='line_1_3' title="bbox 413 1117 868 1222; baseline 0 -22"><span class='ocrx_word' id='word_1_4' title='bbox 413 1117 466 1200; x_wconf 86' lang='grc' dir='ltr'>οο</span> <span class='ocrx_word' id='word_1_5' title='bbox 494 1117 611 1222; x_wconf 88' lang='lat' dir='ltr'>copia</span> <span class='ocrx_word' id='word_1_6' title='bbox 637 1117 868 1202; x_wconf 82' lang='lat' dir='ltr'>verborum.</span> 
     </span>
    </p>
   </div>
   <div class='ocr_carea' id='block_1_4' title="bbox 101 1330 1178 4095">
    <p class='ocr_par' dir='ltr' id='par_1_4' title="bbox 102 1330 1171 1632">
     <span class='ocr_line' id='line_1_4' title="bbox 170 1330 1171 1416; baseline -0.001 -19"><span class='ocrx_word' id='word_1_7' title='bbox 170 1330 263 1416; x_wconf 82' lang='lat' dir='ltr'>Quae</span> <span class='ocrx_word' id='word_1_8' title='bbox 294 1331 334 1398; x_wconf 88' lang='lat' dir='ltr'>de</span> <span class='ocrx_word' id='word_1_9' title='bbox 367 1332 459 1416; x_wconf 91' lang='lat' dir='ltr'>copia</span> <span class='ocrx_word' id='word_1_10' title='bbox 490 1331 657 1398; x_wconf 85' lang='lat' dir='ltr'>verborum</span> <span class='ocrx_word' id='word_1_11' title='bbox 691 1337 724 1398; x_wconf 89' lang='lat' dir='ltr'>et</span> <span class='ocrx_word' id='word_1_12' title='bbox 756 1331 882 1398; x_wconf 90' lang='lat' dir='ltr'>delectu</span> <span class='ocrx_word' id='word_1_13' title='bbox 914 1353 1106 1416; x_wconf 90' lang='lat' dir='ltr'>componere</span> <span class='ocrx_word' id='word_1_14' title='bbox 1137 1333 1171 1396; x_wconf 91' lang='lat' dir='ltr'>in</span> 
     </span>
     <span class='ocr_line' id='line_1_5' title="bbox 103 1438 1171 1525; baseline -0.002 -19"><span class='ocrx_word' id='word_1_15' title='bbox 103 1441 209 1506; x_wconf 91' lang='lat' dir='ltr'>animo</span> <span class='ocrx_word' id='word_1_16' title='bbox 225 1445 284 1521; x_wconf 91' lang='lat' dir='ltr'>est,</span> <span class='ocrx_word' id='word_1_17' title='bbox 308 1440 355 1506; x_wconf 90' lang='lat' dir='ltr'>ita</span> <span class='ocrx_word' id='word_1_18' title='bbox 369 1438 531 1525; x_wconf 86' lang='lat' dir='ltr'>proferam</span> <span class='ocrx_word' id='word_1_19' title='bbox 546 1445 582 1504; x_wconf 93' lang='lat' dir='ltr'>ut</span> <span class='ocrx_word' id='word_1_20' title='bbox 598 1460 744 1506; x_wconf 91' lang='lat' dir='ltr'>seorsum</span> <span class='ocrx_word' id='word_1_21' title='bbox 767 1438 807 1505; x_wconf 88' lang='lat' dir='ltr'>de</span> <span class='ocrx_word' id='word_1_22' title='bbox 827 1440 1006 1505; x_wconf 90' lang='lat' dir='ltr'>nominibus</span> <span class='ocrx_word' id='word_1_23' title='bbox 1026 1439 1171 1506; x_wconf 90' lang='lat' dir='ltr'>substan·</span> 
     </span>
     <span class='ocr_line' id='line_1_6' title="bbox 102 1547 788 1632; baseline 0.003 -18"><span class='ocrx_word' id='word_1_24' title='bbox 102 1549 175 1614; x_wconf 86' lang='lat' dir='ltr'>tivis</span> <span class='ocrx_word' id='word_1_25' title='bbox 200 1554 326 1632; x_wconf 84' lang='lat' dir='ltr'>agatur,</span> <span class='ocrx_word' id='word_1_26' title='bbox 351 1547 390 1614; x_wconf 90' lang='lat' dir='ltr'>de</span> <span class='ocrx_word' id='word_1_27' title='bbox 413 1548 586 1630; x_wconf 88' lang='lat' dir='ltr'>adiectivis,</span> <span class='ocrx_word' id='word_1_28' title='bbox 612 1548 652 1614; x_wconf 90' lang='lat' dir='ltr'>de</span> <span class='ocrx_word' id='word_1_29' title='bbox 674 1548 788 1616; x_wconf 82' lang='lat' dir='ltr'>verbis</span> 
     </span>
    </p>

    <p class='ocr_par' dir='ltr' id='par_1_5' title="bbox 101 1653 1178 4095">
     <span class='ocr_line' id='line_1_7' title="bbox 169 1653 1170 1740; baseline -0.002 -19"><span class='ocrx_word' id='word_1_30' title='bbox 169 1655 224 1721; x_wconf 91' lang='lat' dir='ltr'>Ac</span> <span class='ocrx_word' id='word_1_31' title='bbox 254 1655 385 1721; x_wconf 92' lang='lat' dir='ltr'>nomina</span> <span class='ocrx_word' id='word_1_32' title='bbox 415 1655 625 1740; x_wconf 82' lang='lat' dir='ltr'>perlustranti</span> <span class='ocrx_word' id='word_1_33' title='bbox 655 1655 752 1721; x_wconf 87' lang='lat' dir='ltr'>cuivis</span> <span class='ocrx_word' id='word_1_34' title='bbox 781 1654 905 1738; x_wconf 88' lang='lat' dir='ltr'>patebit</span> <span class='ocrx_word' id='word_1_35' title='bbox 937 1653 1111 1720; x_wconf 83' lang='lat' dir='ltr'><strong>admodum</strong></span> <span class='ocrx_word' id='word_1_36' title='bbox 1138 1655 1170 1719; x_wconf 95' lang='lat' dir='ltr'>in</span> 
     </span>
     <span class='ocr_line' id='line_1_8' title="bbox 103 1761 1172 1830; baseline -0.001 -3"><span class='ocrx_word' id='word_1_37' title='bbox 103 1761 225 1829; x_wconf 88' lang='lat' dir='ltr'>deliciis</span> <span class='ocrx_word' id='word_1_38' title='bbox 249 1762 395 1830; x_wconf 80' lang='lat' dir='ltr'>Teletem</span> <span class='ocrx_word' id='word_1_39' title='bbox 418 1762 564 1829; x_wconf 80' lang='lat' dir='ltr'>habuisse</span> <span class='ocrx_word' id='word_1_40' title='bbox 588 1764 709 1829; x_wconf 90' lang='lat' dir='ltr'>formas</span> <span class='ocrx_word' id='word_1_41' title='bbox 732 1761 952 1828; x_wconf 88' lang='lat' dir='ltr'>deminutivas.</span> <span class='ocrx_word' id='word_1_42' title='bbox 986 1766 1099 1827; x_wconf 91' lang='lat' dir='ltr'>notum</span> <span class='ocrx_word' id='word_1_43' title='bbox 1122 1766 1172 1827; x_wconf 89' lang='lat' dir='ltr'>est</span> 
     </span>
     <span class='ocr_line' id='line_1_9' title="bbox 104 1867 1172 1955; baseline -0.002 -21"><span class='ocrx_word' id='word_1_44' title='bbox 104 1869 189 1935; x_wconf 91' lang='lat' dir='ltr'>enim</span> <span class='ocrx_word' id='word_1_45' title='bbox 229 1890 324 1952; x_wconf 89' lang='lat' dir='ltr'>quam</span> <span class='ocrx_word' id='word_1_46' title='bbox 363 1867 497 1936; x_wconf 89' lang='lat' dir='ltr'>finitima</span> <span class='ocrx_word' id='word_1_47' title='bbox 530 1869 627 1936; x_wconf 89' lang='lat' dir='ltr'>fuerit</span> <span class='ocrx_word' id='word_1_48' title='bbox 661 1868 854 1955; x_wconf 82' lang='lat' dir='ltr'>Cynicorum</span> <span class='ocrx_word' id='word_1_49' title='bbox 893 1868 997 1935; x_wconf 90' lang='lat' dir='ltr'>oratio</span> <span class='ocrx_word' id='word_1_50' title='bbox 1032 1869 1172 1934; x_wconf 90' lang='lat' dir='ltr'>sermoni</span> 
     </span>
     <span class='ocr_line' id='line_1_10' title="bbox 101 1975 1172 2061; baseline 0 -21"><span class='ocrx_word' id='word_1_51' title='bbox 101 1975 252 2041; x_wconf 81' lang='lat' dir='ltr'>familiari</span> <span class='ocrx_word' id='word_1_52' title='bbox 283 1997 442 2060; x_wconf 89' lang='lat' dir='ltr'>quamque</span> <span class='ocrx_word' id='word_1_53' title='bbox 477 1975 568 2043; x_wconf 88' lang='lat' dir='ltr'>cordi</span> <span class='ocrx_word' id='word_1_54' title='bbox 600 1977 661 2042; x_wconf 90' lang='lat' dir='ltr'>illis</span> <span class='ocrx_word' id='word_1_55' title='bbox 694 1976 791 2042; x_wconf 87' lang='lat' dir='ltr'>fuerit</span> <span class='ocrx_word' id='word_1_56' title='bbox 824 1976 923 2061; x_wconf 90' lang='lat' dir='ltr'>ipsius</span> <span class='ocrx_word' id='word_1_57' title='bbox 955 1976 1038 2042; x_wconf 81' lang='lat' dir='ltr'>vitae</span> <span class='ocrx_word' id='word_1_58' title='bbox 1070 1976 1172 2042; x_wconf 82' lang='lat' dir='ltr'>vivam</span> 
     </span>
     <span class='ocr_line' id='line_1_11' title="bbox 103 2083 1171 2168; baseline 0.001 -21"><span class='ocrx_word' id='word_1_59' title='bbox 103 2103 276 2167; x_wconf 88' lang='lat' dir='ltr'>veramque</span> <span class='ocrx_word' id='word_1_60' title='bbox 306 2083 473 2166; x_wconf 83' lang='lat' dir='ltr'>imaginem</span> <span class='ocrx_word' id='word_1_61' title='bbox 500 2090 753 2168; x_wconf 89' lang='lat' dir='ltr'>repraesentare.</span> <span class='ocrx_word' id='word_1_62' title='bbox 788 2104 892 2166; x_wconf 87' lang='lat' dir='ltr'>neque</span> <span class='ocrx_word' id='word_1_63' title='bbox 919 2083 1016 2167; x_wconf 89' lang='lat' dir='ltr'>igitur</span> <span class='ocrx_word' id='word_1_64' title='bbox 1043 2103 1171 2166; x_wconf 89' lang='lat' dir='ltr'>respue-</span> 
     </span>
     <span class='ocr_line' id='line_1_12' title="bbox 103 2189 1171 2276; baseline 0.002 -21"><span class='ocrx_word' id='word_1_65' title='bbox 103 2190 184 2256; x_wconf 87' lang='lat' dir='ltr'>bant</span> <span class='ocrx_word' id='word_1_66' title='bbox 199 2190 331 2256; x_wconf 91' lang='lat' dir='ltr'>nomina</span> <span class='ocrx_word' id='word_1_67' title='bbox 354 2191 548 2257; x_wconf 86' lang='lat' dir='ltr'>deminutiva</span> <span class='ocrx_word' id='word_1_68' title='bbox 571 2195 685 2276; x_wconf 85' lang='lat' dir='ltr'>utpote</span> <span class='ocrx_word' id='word_1_69' title='bbox 702 2190 857 2256; x_wconf 90' lang='lat' dir='ltr'>sermonis</span> <span class='ocrx_word' id='word_1_70' title='bbox 872 2190 1010 2273; x_wconf 89' lang='lat' dir='ltr'>vulgaris</span> <span class='ocrx_word' id='word_1_71' title='bbox 1030 2189 1171 2274; x_wconf 89' lang='lat' dir='ltr'>propria.</span> 
     </span>
     <span class='ocr_line' id='line_1_13' title="bbox 103 2295 1172 2386; baseline 0.003 -26"><span class='ocrx_word' id='word_1_72' title='bbox 103 2295 267 2361; x_wconf 89' lang='lat' dir='ltr'>notiorum</span> <span class='ocrx_word' id='word_1_73' title='bbox 289 2296 434 2380; x_wconf 86' lang='lat' dir='ltr'>exempla</span> <span class='ocrx_word' id='word_1_74' title='bbox 454 2296 541 2362; x_wconf 85' lang='lat' dir='ltr'>velut</span> <span class='ocrx_word' id='word_1_75' title='bbox 561 2300 667 2386; x_wconf 71' lang='grc' dir='ltr'>θηρίον</span> <span class='ocrx_word' id='word_1_76' title='bbox 692 2297 831 2384; x_wconf 82' lang='lat' dir='ltr'>(Bionis)</span> <span class='ocrx_word' id='word_1_77' title='bbox 848 2303 878 2380; x_wconf 88' lang='lat'>6,</span> <span class='ocrx_word' id='word_1_78' title='bbox 905 2302 921 2362; x_wconf 90' lang='lat'>1</span> <span class='ocrx_word' id='word_1_79' title='bbox 946 2295 1058 2384; x_wconf 83' lang='grc' dir='ltr'>ἱμάτιον</span> <span class='ocrx_word' id='word_1_80' title='bbox 1077 2302 1127 2382; x_wconf 97' lang='grc'>11,</span> <span class='ocrx_word' id='word_1_81' title='bbox 1141 2303 1172 2363; x_wconf 86' lang='grc'>8.</span> 
     </span>
     <span class='ocr_line' id='line_1_14' title="bbox 106 2406 1171 2492; baseline 0.002 -24"><span class='ocrx_word' id='word_1_82' title='bbox 106 2407 156 2486; x_wconf 88' lang='lat'>30,</span> <span class='ocrx_word' id='word_1_83' title='bbox 186 2406 237 2467; x_wconf 79' lang='lat'>12.</span> <span class='ocrx_word' id='word_1_84' title='bbox 268 2406 307 2467; x_wconf 82' lang='grc'>13</span> <span class='ocrx_word' id='word_1_85' title='bbox 338 2407 455 2487; x_wconf 76' lang='grc' dir='ltr'>κρανίον</span> <span class='ocrx_word' id='word_1_86' title='bbox 486 2408 538 2487; x_wconf 78' lang='grc'>27,</span> <span class='ocrx_word' id='word_1_87' title='bbox 563 2408 582 2468; x_wconf 89' lang='grc'>9</span> <span class='ocrx_word' id='word_1_88' title='bbox 613 2409 752 2492; x_wconf 80' lang='grc' dir='ltr'>μειράκια</span> <span class='ocrx_word' id='word_1_89' title='bbox 783 2409 834 2488; x_wconf 86' lang='grc'>16,</span> <span class='ocrx_word' id='word_1_90' title='bbox 862 2408 909 2469; x_wconf 89' lang='grc'>10</span> <span class='ocrx_word' id='word_1_91' title='bbox 930 2406 1043 2470; x_wconf 83' lang='grc' dir='ltr'>παιδίον</span> <span class='ocrx_word' id='word_1_92' title='bbox 1076 2409 1127 2489; x_wconf 86' lang='grc'>19,</span> <span class='ocrx_word' id='word_1_93' title='bbox 1152 2410 1171 2470; x_wconf 89' lang='grc'><strong>6</strong></span> 
     </span>
     <span class='ocr_line' id='line_1_15' title="bbox 105 2509 1172 2596; baseline 0.006 -22"><span class='ocrx_word' id='word_1_94' title='bbox 105 2509 244 2596; x_wconf 88' lang='lat' dir='ltr'>(Bionis)</span> <span class='ocrx_word' id='word_1_95' title='bbox 269 2514 320 2592; x_wconf 86' lang='lat'>38,</span> <span class='ocrx_word' id='word_1_96' title='bbox 343 2514 362 2574; x_wconf 88' lang='lat'>9</span> <span class='ocrx_word' id='word_1_97' title='bbox 388 2509 555 2596; x_wconf 81' lang='lat' dir='ltr'>(Cratetis)</span> <span class='ocrx_word' id='word_1_98' title='bbox 578 2532 642 2577; x_wconf 93' lang='lat' dir='ltr'>uno</span> <span class='ocrx_word' id='word_1_99' title='bbox 666 2511 764 2577; x_wconf 87' lang='lat' dir='ltr'>verbo</span> <span class='ocrx_word' id='word_1_100' title='bbox 787 2512 934 2578; x_wconf 86' lang='lat' dir='ltr'>attulisse</span> <span class='ocrx_word' id='word_1_101' title='bbox 957 2512 1035 2578; x_wconf 91' lang='lat' dir='ltr'>satis</span> <span class='ocrx_word' id='word_1_102' title='bbox 1058 2511 1172 2581; x_wconf 91' lang='lat' dir='ltr'>habeo.</span> 
     </span>
     <span class='ocr_line' id='line_1_16' title="bbox 104 2617 1173 2705; baseline 0 -23"><span class='ocrx_word' id='word_1_103' title='bbox 104 2638 209 2700; x_wconf 87' lang='lat' dir='ltr'>neque</span> <span class='ocrx_word' id='word_1_104' title='bbox 232 2617 351 2701; x_wconf 74' lang='grc' dir='ltr'>γρᾴδιον</span> <span class='ocrx_word' id='word_1_105' title='bbox 374 2618 458 2684; x_wconf 88' lang='lat' dir='ltr'>inter</span> <span class='ocrx_word' id='word_1_106' title='bbox 480 2618 604 2684; x_wconf 88' lang='lat' dir='ltr'>rariora</span> <span class='ocrx_word' id='word_1_107' title='bbox 626 2617 806 2684; x_wconf 89' lang='lat' dir='ltr'>habendum</span> <span class='ocrx_word' id='word_1_108' title='bbox 831 2622 884 2701; x_wconf 78' lang='lat'>25,</span> <span class='ocrx_word' id='word_1_109' title='bbox 904 2621 926 2683; x_wconf 86' lang='lat'>4</span> <span class='ocrx_word' id='word_1_110' title='bbox 953 2622 1027 2705; x_wconf 79' lang='grc' dir='ltr'><strong>μετὰ</strong></span> <span class='ocrx_word' id='word_1_111' title='bbox 1053 2619 1173 2703; x_wconf 76' lang='grc' dir='ltr'>γρᾴδίοιι</span> 
     </span>
     <span class='ocr_line' id='line_1_17' title="bbox 104 2723 1173 2810; baseline 0.005 -23"><span class='ocrx_word' id='word_1_112' title='bbox 104 2726 136 2807; x_wconf 93' lang='grc'>4,</span> <span class='ocrx_word' id='word_1_113' title='bbox 152 2727 192 2788; x_wconf 79' lang='lat'>12</span> <span class='ocrx_word' id='word_1_114' title='bbox 205 2723 312 2808; x_wconf 76' lang='grc' dir='ltr'>γρᾴδια</span> <span class='ocrx_word' id='word_1_115' title='bbox 323 2727 377 2807; x_wconf 85' lang='grc'>47,</span> <span class='ocrx_word' id='word_1_116' title='bbox 393 2727 433 2788; x_wconf 83' lang='grc'>15</span> <span class='ocrx_word' id='word_1_117' title='bbox 450 2735 511 2796; x_wconf 85' lang='grc' dir='ltr'>τοῖς</span> <span class='ocrx_word' id='word_1_118' title='bbox 521 2725 660 2809; x_wconf 77' lang='grc' dir='ltr'>γρᾴδὶοις,</span> <span class='ocrx_word' id='word_1_119' title='bbox 676 2732 763 2792; x_wconf 89' lang='lat' dir='ltr'>certe</span> <span class='ocrx_word' id='word_1_120' title='bbox 775 2726 815 2791; x_wconf 88' lang='lat' dir='ltr'>ab</span> <span class='ocrx_word' id='word_1_121' title='bbox 828 2724 1048 2810; x_wconf 84' lang='lat' dir='ltr'>Aristophane</span> <span class='ocrx_word' id='word_1_122' title='bbox 1059 2725 1173 2792; x_wconf 88' lang='lat' dir='ltr'>Xeno·</span> 
     </span>
     <span class='ocr_line' id='line_1_18' title="bbox 104 2829 1174 2914; baseline 0 -18"><span class='ocrx_word' id='word_1_123' title='bbox 104 2830 229 2914; x_wconf 90' lang='lat' dir='ltr'>phonte</span> <span class='ocrx_word' id='word_1_124' title='bbox 243 2829 462 2898; x_wconf 84' lang='lat' dir='ltr'>Demosthene</span> <span class='ocrx_word' id='word_1_125' title='bbox 484 2853 551 2897; x_wconf 90' lang='lat' dir='ltr'>non</span> <span class='ocrx_word' id='word_1_126' title='bbox 573 2831 710 2897; x_wconf 91' lang='lat' dir='ltr'>alienum</span> <span class='ocrx_word' id='word_1_127' title='bbox 726 2837 784 2899; x_wconf 87' lang='lat' dir='ltr'>est.</span> <span class='ocrx_word' id='word_1_128' title='bbox 821 2832 860 2899; x_wconf 92' lang='lat' dir='ltr'>de</span> <span class='ocrx_word' id='word_1_129' title='bbox 876 2831 1032 2898; x_wconf 81' lang='lat' dir='ltr'>vocabulo</span> <span class='ocrx_word' id='word_1_130' title='bbox 1054 2831 1174 2897; x_wconf 75' lang='grc' dir='ltr'>ἀκάτιον</span> 
     </span>
     <span class='ocr_line' id='line_1_19' title="bbox 106 2937 1175 3024; baseline 0.002 -22"><span class='ocrx_word' id='word_1_131' title='bbox 106 2937 192 3020; x_wconf 92' lang='lat' dir='ltr'>quod</span> <span class='ocrx_word' id='word_1_132' title='bbox 215 2938 332 3022; x_wconf 88' lang='lat' dir='ltr'>legitur</span> <span class='ocrx_word' id='word_1_133' title='bbox 357 2942 440 3021; x_wconf 89' lang='grc'><strong>19,6</strong></span> <span class='ocrx_word' id='word_1_134' title='bbox 465 2939 506 3007; x_wconf 88' lang='lat' dir='ltr'>cf.</span> <span class='ocrx_word' id='word_1_135' title='bbox 519 2939 761 3024; x_wconf 87' lang='lat' dir='ltr'>Wyttenbachii</span> <span class='ocrx_word' id='word_1_136' title='bbox 782 2939 938 3008; x_wconf 82' lang='lat' dir='ltr'>animadv,</span> <span class='ocrx_word' id='word_1_137' title='bbox 959 2940 992 3005; x_wconf 95' lang='lat' dir='ltr'>in</span> <span class='ocrx_word' id='word_1_138' title='bbox 1007 2939 1175 3006; x_wconf 83' lang='lat' dir='ltr'>Plutarchi</span> 
     </span>
     <span class='ocr_line' id='line_1_20' title="bbox 104 3043 1174 3131; baseline 0.004 -23"><span class='ocrx_word' id='word_1_139' title='bbox 104 3043 223 3110; x_wconf 89' lang='lat' dir='ltr'>librum</span> <span class='ocrx_word' id='word_1_140' title='bbox 248 3044 287 3110; x_wconf 94' lang='lat' dir='ltr'>de</span> <span class='ocrx_word' id='word_1_141' title='bbox 310 3044 475 3112; x_wconf 89' lang='lat' dir='ltr'>audiendis</span> <span class='ocrx_word' id='word_1_142' title='bbox 498 3046 602 3130; x_wconf 90' lang='lat' dir='ltr'>poetis</span> <span class='ocrx_word' id='word_1_143' title='bbox 625 3069 656 3130; x_wconf 92' lang='lat' dir='ltr'>p.</span> <span class='ocrx_word' id='word_1_144' title='bbox 677 3049 716 3110; x_wconf 89' lang='lat'>15</span> <span class='ocrx_word' id='word_1_145' title='bbox 732 3045 775 3114; x_wconf 93' lang='lat' dir='ltr'>D.</span> <span class='ocrx_word' id='word_1_146' title='bbox 805 3043 922 3130; x_wconf 83' lang='grc' dir='ltr'>ἐλᾴδιον</span> <span class='ocrx_word' id='word_1_147' title='bbox 947 3050 1028 3127; x_wconf 90' lang='grc'><strong>31,1</strong></span> <span class='ocrx_word' id='word_1_148' title='bbox 1049 3047 1174 3131; x_wconf 90' lang='lat' dir='ltr'>saepius</span> 
     </span>
     <span class='ocr_line' id='line_1_21' title="bbox 106 3150 1171 3237; baseline 0.006 -22"><span class='ocrx_word' id='word_1_149' title='bbox 106 3150 224 3237; x_wconf 86' lang='lat' dir='ltr'>legitur</span> <span class='ocrx_word' id='word_1_150' title='bbox 238 3152 324 3236; x_wconf 92' lang='lat' dir='ltr'>apud</span> <span class='ocrx_word' id='word_1_151' title='bbox 340 3153 492 3235; x_wconf 91' lang='lat' dir='ltr'>comicos,</span> <span class='ocrx_word' id='word_1_152' title='bbox 508 3152 654 3237; x_wconf 87' lang='lat' dir='ltr'>exempla</span> <span class='ocrx_word' id='word_1_153' title='bbox 670 3154 864 3219; x_wconf 85' lang='lat' dir='ltr'>enumeravit</span> <span class='ocrx_word' id='word_1_154' title='bbox 881 3152 991 3219; x_wconf 86' lang='lat' dir='ltr'>Iacobi</span> <span class='ocrx_word' id='word_1_155' title='bbox 1006 3153 1071 3220; x_wconf 95' lang='lat' dir='ltr'>ind.</span> <span class='ocrx_word' id='word_1_156' title='bbox 1089 3173 1171 3222; x_wconf 93' lang='lat' dir='ltr'>com.</span> 
     </span>
     <span class='ocr_line' id='line_1_22' title="bbox 106 3257 1174 3346; baseline 0.001 -23"><span class='ocrx_word' id='word_1_157' title='bbox 106 3279 132 3327; x_wconf 94' lang='lat' dir='ltr'>s.</span> <span class='ocrx_word' id='word_1_158' title='bbox 148 3281 178 3324; x_wconf 84' lang='lat' dir='ltr'>v.</span> <span class='ocrx_word' id='word_1_159' title='bbox 188 3259 223 3346; x_wconf 85' lang='lat'>¹).</span> <span class='ocrx_word' id='word_1_160' title='bbox 247 3263 279 3324; x_wconf 80' lang='grc' dir='ltr'>τὸ</span> <span class='ocrx_word' id='word_1_161' title='bbox 295 3257 416 3325; x_wconf 78' lang='grc' dir='ltr'>ἐνοίκιον</span> <span class='ocrx_word' id='word_1_162' title='bbox 432 3259 525 3346; x_wconf 82' lang='lat' dir='ltr'>(Bio)</span> <span class='ocrx_word' id='word_1_163' title='bbox 545 3263 595 3343; x_wconf 88' lang='grc'>10,</span> <span class='ocrx_word' id='word_1_164' title='bbox 612 3264 651 3324; x_wconf 82' lang='grc'>15</span> <span class='ocrx_word' id='word_1_165' title='bbox 667 3260 786 3326; x_wconf 89' lang='lat' dir='ltr'>hahent</span> <span class='ocrx_word' id='word_1_166' title='bbox 801 3260 1034 3327; x_wconf 87' lang='lat' dir='ltr'>Demosthenes</span> <span class='ocrx_word' id='word_1_167' title='bbox 1050 3260 1174 3326; x_wconf 86' lang='lat' dir='ltr'>Isaeus.</span> 
     </span>
     <span class='ocr_line' id='line_1_23' title="bbox 106 3362 1175 3452; baseline 0.004 -23"><span class='ocrx_word' id='word_1_168' title='bbox 106 3362 263 3451; x_wconf 87' lang='grc' dir='ltr'>λαχανίοις</span> <span class='ocrx_word' id='word_1_169' title='bbox 286 3363 455 3432; x_wconf 79' lang='lat' dir='ltr'>‘oluscula’</span> <span class='ocrx_word' id='word_1_170' title='bbox 482 3367 571 3450; x_wconf 91' lang='lat' dir='ltr'>quod</span> <span class='ocrx_word' id='word_1_171' title='bbox 593 3367 710 3452; x_wconf 91' lang='lat' dir='ltr'>legitur</span> <span class='ocrx_word' id='word_1_172' title='bbox 735 3372 787 3452; x_wconf 88' lang='lat'>30,</span> <span class='ocrx_word' id='word_1_173' title='bbox 808 3372 846 3433; x_wconf 93' lang='lat'>10</span> <span class='ocrx_word' id='word_1_174' title='bbox 871 3368 1044 3434; x_wconf 88' lang='lat' dir='ltr'>admodum</span> <span class='ocrx_word' id='word_1_175' title='bbox 1067 3390 1175 3434; x_wconf 90' lang='lat' dir='ltr'>rarum</span> 
     </span>
     <span class='ocr_line' id='line_1_24' title="bbox 108 3472 1176 3558; baseline 0.001 -21"><span class='ocrx_word' id='word_1_176' title='bbox 108 3478 157 3537; x_wconf 89' lang='lat' dir='ltr'>est</span> <span class='ocrx_word' id='word_1_177' title='bbox 180 3494 300 3539; x_wconf 90' lang='lat' dir='ltr'>nomen</span> <span class='ocrx_word' id='word_1_178' title='bbox 323 3472 561 3540; x_wconf 87' lang='lat' dir='ltr'>deminutivum.</span> <span class='ocrx_word' id='word_1_179' title='bbox 588 3474 722 3540; x_wconf 90' lang='lat' dir='ltr'>alterum</span> <span class='ocrx_word' id='word_1_180' title='bbox 745 3474 841 3557; x_wconf 90' lang='lat' dir='ltr'>idque</span> <span class='ocrx_word' id='word_1_181' title='bbox 864 3474 1031 3558; x_wconf 89' lang='lat' dir='ltr'>singularis</span> <span class='ocrx_word' id='word_1_182' title='bbox 1054 3474 1176 3540; x_wconf 91' lang='lat' dir='ltr'>numeri</span> 
     </span>
     <span class='ocr_line' id='line_1_25' title="bbox 108 3580 1175 3665; baseline 0.001 -21"><span class='ocrx_word' id='word_1_183' title='bbox 108 3580 289 3664; x_wconf 87' lang='lat' dir='ltr'>exemplum</span> <span class='ocrx_word' id='word_1_184' title='bbox 305 3586 410 3647; x_wconf 88' lang='lat' dir='ltr'>exstat</span> <span class='ocrx_word' id='word_1_185' title='bbox 425 3581 513 3664; x_wconf 92' lang='lat' dir='ltr'>apud</span> <span class='ocrx_word' id='word_1_186' title='bbox 527 3580 707 3665; x_wconf 84' lang='lat' dir='ltr'>Diogenem</span> <span class='ocrx_word' id='word_1_187' title='bbox 722 3581 889 3647; x_wconf 88' lang='lat' dir='ltr'>Laertium</span> <span class='ocrx_word' id='word_1_188' title='bbox 911 3581 949 3646; x_wconf 88' lang='lat' dir='ltr'>H</span> <span class='ocrx_word' id='word_1_189' title='bbox 968 3585 1041 3665; x_wconf 86' lang='grc'><strong>139,</strong></span> <span class='ocrx_word' id='word_1_190' title='bbox 1065 3580 1120 3647; x_wconf 93' lang='lat' dir='ltr'>ubi</span> <span class='ocrx_word' id='word_1_191' title='bbox 1135 3601 1175 3645; x_wconf 93' lang='lat' dir='ltr'>ne</span> 
     </span>
     <span class='ocr_line' id='line_1_26' title="bbox 109 3686 1175 3775; baseline 0 -23"><span class='ocrx_word' id='word_1_192' title='bbox 109 3688 180 3770; x_wconf 89' lang='lat' dir='ltr'>quis</span> <span class='ocrx_word' id='word_1_193' title='bbox 212 3688 355 3775; x_wconf 81' lang='grc' dir='ltr'>λαχάνιον</span> <span class='ocrx_word' id='word_1_194' title='bbox 389 3709 406 3753; x_wconf 93' lang='lat' dir='ltr'>e</span> <span class='ocrx_word' id='word_1_195' title='bbox 438 3686 660 3773; x_wconf 83' lang='lat' dir='ltr'>Lycophronis</span> <span class='ocrx_word' id='word_1_196' title='bbox 693 3688 838 3754; x_wconf 88' lang='lat' dir='ltr'>dramate</span> <span class='ocrx_word' id='word_1_197' title='bbox 871 3689 1011 3773; x_wconf 87' lang='lat' dir='ltr'>satyrico</span> <span class='ocrx_word' id='word_1_198' title='bbox 1044 3687 1099 3772; x_wconf 93' lang='lat' dir='ltr'>qui</span> <span class='ocrx_word' id='word_1_199' title='bbox 1130 3688 1175 3752; x_wconf 93' lang='lat' dir='ltr'>in·</span> 
     </span>
     <span class='ocr_line' id='line_1_27' title="bbox 110 3793 1177 3879; baseline 0.001 -21"><span class='ocrx_word' id='word_1_200' title='bbox 110 3793 262 3859; x_wconf 88' lang='lat' dir='ltr'>scribitur</span> <span class='ocrx_word' id='word_1_201' title='bbox 285 3793 494 3861; x_wconf 90' lang='lat' dir='ltr'>Menedemus</span> <span class='ocrx_word' id='word_1_202' title='bbox 523 3793 728 3878; x_wconf 90' lang='lat' dir='ltr'>adsumptum</span> <span class='ocrx_word' id='word_1_203' title='bbox 756 3815 825 3861; x_wconf 90' lang='lat' dir='ltr'>esse</span> <span class='ocrx_word' id='word_1_204' title='bbox 853 3795 1079 3879; x_wconf 88' lang='lat' dir='ltr'>properantius</span> <span class='ocrx_word' id='word_1_205' title='bbox 1102 3815 1177 3860; x_wconf 91' lang='lat' dir='ltr'>corr·</span> 
     </span>
     <span class='ocr_line' id='line_1_28' title="bbox 109 3900 1178 3991; baseline 0.002 -26"><span class='ocrx_word' id='word_1_206' title='bbox 109 3900 184 3966; x_wconf 87' lang='lat' dir='ltr'>iciat</span> <span class='ocrx_word' id='word_1_207' title='bbox 216 3901 348 3991; x_wconf 17' lang='lat' dir='ltr'>(ipsum,</span> <span class='ocrx_word' id='word_1_208' title='bbox 366 3903 450 3966; x_wconf 90' lang='lat' dir='ltr'>enim</span> <span class='ocrx_word' id='word_1_209' title='bbox 482 3901 728 3986; x_wconf 88' lang='lat' dir='ltr'>Lycophronem</span> <span class='ocrx_word' id='word_1_210' title='bbox 761 3907 924 3986; x_wconf 87' lang='lat' dir='ltr'>tamquam</span> <span class='ocrx_word' id='word_1_211' title='bbox 955 3906 1070 3966; x_wconf 90' lang='lat' dir='ltr'>testem</span> <span class='ocrx_word' id='word_1_212' title='bbox 1102 3922 1178 3967; x_wconf 88' lang='lat' dir='ltr'>mox</span> 
     </span>
     <span class='ocr_line' id='line_1_29' title="bbox 109 4005 1178 4095; baseline 0.001 -23"><span class='ocrx_word' id='word_1_213' title='bbox 109 4005 216 4074; x_wconf 89' lang='lat' dir='ltr'>adfert</span> <span class='ocrx_word' id='word_1_214' title='bbox 253 4006 403 4073; x_wconf 88' lang='lat' dir='ltr'>Laertius</span> <span class='ocrx_word' id='word_1_215' title='bbox 445 4010 536 4095; x_wconf 84' lang='lat'>140),</span> <span class='ocrx_word' id='word_1_216' title='bbox 576 4014 706 4074; x_wconf 90' lang='lat' dir='ltr'>cavetur</span> <span class='ocrx_word' id='word_1_217' title='bbox 743 4008 807 4075; x_wconf 88' lang='lat' dir='ltr'>hoc</span> <span class='ocrx_word' id='word_1_218' title='bbox 844 4007 1003 4091; x_wconf 89' lang='lat' dir='ltr'>Antigoni</span> <span class='ocrx_word' id='word_1_219' title='bbox 1040 4005 1178 4094; x_wconf 81' lang='lat' dir='ltr'>Carystii</span> 
     </span>
    </p>
   </div>
   <div class='ocr_carea' id='block_1_5' title="bbox 110 4182 1177 4432">
    <p class='ocr_par' dir='ltr' id='par_1_6' title="bbox 110 4182 1177 4432">
     <span class='ocr_line' id='line_1_30' title="bbox 182 4182 1177 4256; baseline -0.002 -16"><span class='ocrx_word' id='word_1_220' title='bbox 182 4185 203 4253; x_wconf 87' lang='lat'>¹)</span> <span class='ocrx_word' id='word_1_221' title='bbox 223 4185 338 4240; x_wconf 86' lang='lat' dir='ltr'>Addere</span> <span class='ocrx_word' id='word_1_222' title='bbox 350 4185 429 4254; x_wconf 91' lang='lat' dir='ltr'>potui</span> <span class='ocrx_word' id='word_1_223' title='bbox 448 4182 628 4256; x_wconf 77' lang='grc' dir='ltr'>παιδαριώδης</span> <span class='ocrx_word' id='word_1_224' title='bbox 649 4187 690 4251; x_wconf 86' lang='grc'>17,</span> <span class='ocrx_word' id='word_1_225' title='bbox 703 4186 729 4238; x_wconf 89' lang='grc'>6.</span> <span class='ocrx_word' id='word_1_226' title='bbox 760 4184 834 4238; x_wconf 85' lang='lat' dir='ltr'>haud</span> <span class='ocrx_word' id='word_1_227' title='bbox 852 4201 940 4252; x_wconf 86' lang='lat' dir='ltr'>pauca</span> <span class='ocrx_word' id='word_1_228' title='bbox 958 4184 1069 4238; x_wconf 90' lang='lat' dir='ltr'>illorum</span> <span class='ocrx_word' id='word_1_229' title='bbox 1086 4203 1177 4240; x_wconf 88' lang='lat' dir='ltr'>recur-</span> 
     </span>
     <span class='ocr_line' id='line_1_31' title="bbox 110 4271 1177 4344; baseline 0.001 -16"><span class='ocrx_word' id='word_1_230' title='bbox 110 4279 174 4328; x_wconf 85' lang='lat' dir='ltr'>rant</span> <span class='ocrx_word' id='word_1_231' title='bbox 192 4275 267 4343; x_wconf 84' lang='lat' dir='ltr'>apud</span> <span class='ocrx_word' id='word_1_232' title='bbox 279 4274 437 4342; x_wconf 83' lang='lat' dir='ltr'>Arrianum,</span> <span class='ocrx_word' id='word_1_233' title='bbox 456 4275 532 4330; x_wconf 87' lang='lat' dir='ltr'>velut</span> <span class='ocrx_word' id='word_1_234' title='bbox 550 4271 652 4344; x_wconf 76' lang='grc' dir='ltr'>ἐλᾴδιον</span> <span class='ocrx_word' id='word_1_235' title='bbox 665 4273 729 4328; x_wconf 88' lang='lat' dir='ltr'>diss.</span> <span class='ocrx_word' id='word_1_236' title='bbox 743 4273 836 4342; x_wconf 82' lang='lat' dir='ltr'>Epict.</span> <span class='ocrx_word' id='word_1_237' title='bbox 855 4273 887 4327; x_wconf 94' lang='lat' dir='ltr'>II</span> <span class='ocrx_word' id='word_1_238' title='bbox 900 4276 943 4341; x_wconf 78' lang='grc'>20,</span> <span class='ocrx_word' id='word_1_239' title='bbox 956 4275 1000 4328; x_wconf 74' lang='grc'>29.</span> <span class='ocrx_word' id='word_1_240' title='bbox 1018 4273 1065 4328; x_wconf 93' lang='grc' dir='ltr'>ΠΙ</span> <span class='ocrx_word' id='word_1_241' title='bbox 1080 4275 1177 4342; x_wconf 89' lang='grc'><strong>10,16.</strong></span> 
     </span>
     <span class='ocr_line' id='line_1_32' title="bbox 111 4361 892 4432; baseline 0 -14"><span class='ocrx_word' id='word_1_242' title='bbox 111 4363 214 4419; x_wconf 86' lang='lat' dir='ltr'>enchir.</span> <span class='ocrx_word' id='word_1_243' title='bbox 229 4364 271 4431; x_wconf 79' lang='lat'>12,</span> <span class='ocrx_word' id='word_1_244' title='bbox 285 4365 311 4418; x_wconf 78' lang='grc'>2.</span> <span class='ocrx_word' id='word_1_245' title='bbox 342 4362 376 4419; x_wconf 87' lang='grc' dir='ltr'>οί.</span> <span class='ocrx_word' id='word_1_246' title='bbox 389 4363 547 4419; x_wconf 86' lang='lat' dir='ltr'>Wendland</span> <span class='ocrx_word' id='word_1_247' title='bbox 566 4366 671 4432; x_wconf 82' lang='lat' dir='ltr'>quaest.</span> <span class='ocrx_word' id='word_1_248' title='bbox 683 4361 794 4418; x_wconf 86' lang='lat' dir='ltr'>Muson.</span> <span class='ocrx_word' id='word_1_249' title='bbox 807 4379 835 4432; x_wconf 93' lang='lat' dir='ltr'>p.</span> <span class='ocrx_word' id='word_1_250' title='bbox 852 4363 892 4419; x_wconf 93' lang='lat'>11.</span> 
     </span>
    </p>
   </div>
   <div class='ocr_carea' id='block_1_6' title="bbox 0 0 1515 5086">
    <p class='ocr_par' dir='ltr' id='par_1_7' title="bbox 0 0 1515 5086">
     <span class='ocr_line' id='line_1_33' title="bbox 0 0 1515 5086; baseline 0 0"><span class='ocrx_word' id='word_1_251' title='bbox 0 0 1515 5086; x_wconf 95' lang='lat' dir='ltr'> </span> 
     </span>
    </p>
   </div>
  </div>
 </body>
</html>
