2996 5086
532 606 753 667 ..31-

104 796 153 863 ῗνα
169 797 242 870 Ζεὺς
257 804 372 886 γένηται
388 797 564 887 ἐπιθυμήσει
576 821 640 865 non
655 801 742 866 nulla
758 801 903 884 exempla
919 801 1032 866 similia
1049 801 1176 886 collegit

106 903 201 970 Stich
224 907 263 971 de
278 907 404 992 Polybii
428 907 553 974 dicendi
577 929 692 990 genere
708 910 783 992 (aot.
801 929 877 974 sem.
902 907 1012 993 philol.
1029 909 1099 974 Erl.
1122 910 1172 995 Π)
1199 891 1202 898 ’

104 1035 138 1096 p.
157 1017 233 1096 203,
257 1013 312 1079 sed
335 1013 406 1079 vide
430 1036 527 1098 supra
548 1037 579 1098 p.
608 1018 658 1080 11.
697 1016 813 1102 μὲλλοιν
837 1014 1036 1102 ἀποθνῄσκειν
1059 1016 1175 1101 legitur

108 1122 163 1200 12,
178 1125 208 1183 6.
240 1123 292 1183 καὶ
302 1131 365 1192 πῶς
380 1122 482 1207 μέλλει
498 1131 581 1185 τοῦτο
597 1120 707 1194 ὄνειδος
723 1119 794 1187 εἶναι
812 1119 868 1186 ιιτὲ.
881 1125 934 1206 21,
949 1126 967 1186 3
981 1121 1175 1209 (of.K1·ueg.

106 1231 164 1309 53,
187 1232 217 1304 8,
243 1228 285 1313 2).
321 1225 458 1314 ἅψασθαι
481 1225 621 1314 ὀανοῦμεν
647 1233 768 1311 23,11,
815 1232 950 1315 χρᾶσθαι
980 1232 1176 1317 προελόμενος

105 1337 164 1415 28,
179 1336 229 1401 10.
254 1343 307 1420 τῆς
322 1331 422 1420 ἀρχῆς
433 1332 595 1421 ἀποστῆναι
610 1344 815 1420 προαιροῦνται
828 1339 879 1416 32,
899 1338 950 1403 17.
974 1335 1044 1423 ἐ’τλη
1056 1335 1176 1410 ἕζεσθαι

104 1443 163 1522 24,
182 1442 201 1503 5
218 1439 313 1506 'Peles
329 1440 406 1506 dicit
428 1441 571 1506 imitatus
586 1441 803 1526 Homerum¹),
829 1443 918 1507 cuius
938 1443 1081 1526 exempla
1096 1443 1175 1509 indi·

104 1547 194 1612 cavit
218 1545 332 1629 editor,
355 1547 433 1613 item
455 1546 535 1614 haec
557 1545 634 1611 ‘did'
659 1545 740 1613 ὁπότ’
767 1545 873 1612 ’reboet'
898 1545 915 1611 ὁ
937 1547 1038 1633 γέρων
1060 1559 1132 1614 πιεῖν
1155 1548 1175 1637 ἢ

103 1665 165 1719 τῶν
188 1665 308 1738 καρπῶν
332 1651 469 1740 ἅψασθαι
492 1658 544 1736 25,
568 1659 596 1722 7.
641 1676 716 1720 nam
749 1655 870 1738 scripta
900 1661 973 1720 sunt
1005 1677 1044 1722 ex
1067 1678 1175 1723 versus
1306 1681 1308 1688 ·

103 1761 192 1824 illius
216 1761 443 1844 analogiarum
466 1759 547 1826 ὁπότ’
570 1758 676 1826 ἰθθσει’
700 1759 824 1846 ὁγέρων
847 1760 893 1826 ἐπὶ
915 1767 1000 1849 χερσὶ
1019 1768 1175 1850 μάσασθαι

103 1869 139 1952 (λ
154 1867 232 1955 591)
248 1866 303 1933 ubi
314 1867 480 1934 consilium
492 1867 664 1934 infinitivus
676 1868 807 1937 indicat.
831 1875 867 1934 ut
878 1869 977 1935 verba
987 1877 1176 1956 προαιρετικά

104 1977 156 2040 sic
170 1973 358 2041 infinitivum
373 1975 493 2042 hebent
508 1973 637 2064 ἐφετιιιά,
653 1976 739 2042 velut
755 1977 871 2040 σπεῦδον
885 1981 937 2059 32,
952 1982 981 2041 6.
996 1983 1016 2041 8
1032 1989 1176 2064 πειρῶμαι

106 2088 138 2164 6,
155 2085 252 2150 8.10.
276 2085 329 2165 46,
348 2087 366 2146 2
390 2092 604 2169 προσποιοῦμαι
629 2086 713 2167 37,1
739 2088 816 2170 ζητῶ
842 2088 964 2167 31,15.
1002 2085 1099 2150 verba
1121 2086 1177 2150 irn-

106 2189 263 2272 pediendi
286 2190 410 2256 sinendi
434 2195 561 2256 exstant
582 2190 677 2257 haec:
700 2193 818 2269 κωλὺω,
842 2191 882 2258 de
905 2214 969 2276 quo
986 2193 1056 2259 vide
1080 2194 1176 2260 etiam

104 2295 201 2379 inlra,
225 2296 273 2362 bis
288 2297 387 2363 habet
409 2296 597 2363 infinitivum
621 2302 674 2381 34,
687 2301 718 2362 4.
737 2303 767 2381 9,
790 2299 868 2365 item
891 2297 931 2363 ἐῶ
955 2305 1008 2384 27,
1022 2305 1052 2370 6.
1078 2305 1130 2378 28,
1145 2307 1174 2366 3.

104 2403 208 2469 semel
229 2403 346 2488 legitur
367 2408 457 2489 βιάζω
476 2408 526 2487 34,
543 2409 581 2469 11
598 2414 746 2490 καρτερεῖν
769 2410 921 2490 βιάζονται.
957 2407 1014 2472 sed
1030 2407 1070 2472 cf.
1090 2412 1176 2491 2,10

103 2507 155 2575 ἵνα
178 2511 279 2596 λάχῃς
302 2517 533 2598 μηχανήσονται.

176 2616 349 2684 infinitivus
364 2617 468 2683 verbis
484 2619 627 2702 putandi,
645 2618 820 2703 cogitandi,
837 2619 989 2685 similibus
1006 2620 1175 2687 adiunctos

104 2747 176 2790 non
197 2746 277 2809 opus
298 2731 349 2790 est
368 2726 550 2809 singillatim
571 2747 766 2794 enumerare.
802 2726 975 2793 admodum
991 2726 1176 2811 frequenter

106 2833 310 2898 accusativus
345 2855 417 2898 cum
451 2832 606 2900 infinitivo
641 2839 698 2900 aut
731 2835 943 2900 nominativus
978 2834 1098 2919 pendet
1132 2836 1173 2901 ab

106 2938 247 3026 ἡγοῦμαι,
276 2940 365 3006 locos
388 2941 544 3024 exscripsi
566 2940 631 3007 ind.
655 2962 725 3006 voc.
749 2963 781 3024 p.
800 2947 852 3010 66.
898 2941 983 3007 idern
1007 2941 1176 3008 dicendum

107 3052 159 3112 est
191 3047 230 3112 de
253 3047 351 3112 verbo
375 3047 483 3133 οἴομαι,
515 3046 660 3130 exempla
682 3047 781 3113 habes
804 3048 900 3114 haec:
926 3052 1026 3130 2,11.
1054 3053 1174 3133 13,12.

110 3159 164 3238 14,
182 3160 212 3222 2.
238 3159 289 3238 34,
310 3160 340 3224 3.
365 3159 417 3238 36,
436 3161 467 3222 8.
487 3160 539 3224 13.
564 3160 760 3240 46,10.12.
784 3160 888 3239 47,1.
942 3178 1045 3240 neque
1075 3157 1176 3240 magis

110 3261 201 3327 verbi
224 3263 305 3326 δοκῶ
328 3267 510 3330 structurae
534 3264 574 3329 ab
597 3263 786 3330 Atticorum
808 3285 869 3329 usu
891 3263 1056 3330 recedunt.
1096 3284 1176 3330 sem-

106 3391 170 3453 per
202 3369 301 3435 habet
334 3371 561 3436 nominativum
590 3392 662 3436 oum
690 3370 857 3454 infinitivo,
892 3377 928 3436 ut
961 3376 1070 3436 temen
1106 3368 1176 3435 εἶναι

106 3498 348 3559 nonnumquam
364 3478 538 3543 reticeatur
551 3477 605 3565 (cf.
618 3477 741 3563 Krueg.
757 3481 808 3562 55,
821 3482 852 3562 4,
865 3478 908 3563 4).
944 3477 1019 3543 nolo
1033 3476 1177 3560 exempla

109 3583 291 3649 exscribere
321 3583 421 3650 ubivis
452 3585 555 3650 obvia.
602 3586 684 3650 δοκεῖ
705 3583 776 3650 εἶναι
806 3584 883 3652 dicit
906 3585 1000 3651 Telos
1025 3589 1111 3666 26,2
1136 3584 1175 3652 cf.

112 3691 383 3775 1,14.2,8ο1.,
417 3713 481 3757 non
511 3690 582 3757 εἶναι
615 3693 703 3756 δοκεῖ.
749 3691 874 3758 dativus
907 3691 1034 3758 accedit
1064 3693 1097 3757 in
1128 3691 1176 3756 his

105 3797 209 3883 ἔμοιγε
233 3798 315 3862 δοκεῖ
336 3799 496 3884 (δοκοῦσιν)
521 3803 573 3882 23,
593 3804 623 3863 9.
649 3805 701 3878 26,
716 3803 779 3864 3.9
804 3800 886 3865 δοκεῖ
906 3822 956 3886 μοι
980 3804 1011 3882 9,
1029 3804 1060 3863 8.
1085 3801 1138 3880 24,
1157 3802 1176 3861 2

106 3909 186 3990 μέγα
215 3926 265 3991 μοι
294 3906 376 3969 δοκεῖ
404 3909 496 3970 τὸ...
519 3909 735 3988 καταγενὲσθαι
762 3911 849 3987 19,2
872 3928 922 3992 μοι
946 3907 1028 3971 δοκεῖ
1053 3908 1176 3985 35,16.

182 4082 191 4112 ¹
211 4082 315 4154 [Etiam
333 4083 437 4138 Teletis
455 4101 482 4152 p.
495 4085 538 4150 24,
554 4084 648 4150 1-25,
667 4087 683 4138 2
703 4084 738 4138 ed
757 4083 873 4138 Bionem
890 4101 934 4138 me
953 4083 1081 4138 debuisse
1098 4100 1176 4136 revo-

105 4189 172 4228 care
190 4190 246 4226 non
265 4173 324 4226 sols
342 4173 433 4243 arguit
449 4172 566 4227 Homeri
584 4173 711 4227 imitatio.
739 4173 809 4226 risus
828 4175 956 4242 captatur
968 4171 1059 4226 verbis
1072 4171 1178 4232 ἕζεσθαι

105 4261 291 4333 ὲπὶθρὸνοο
318 4266 347 4317 et
368 4260 426 4316 ιιολ.
452 4265 534 4314 κατὰ
561 4263 679 4333 stupor
707 4262 800 4330 lepide
823 4265 921 4316 contra
946 4261 1052 4330 positis.
1094 4261 1177 4316 etiam

104 4351 249 4421 apertiora
266 4350 362 4405 Bionis
380 4351 495 4422 vestigia
513 4351 542 4404 in
559 4351 701 4420 proximis.
725 4350 757 4406 Ο.
770 4349 819 4419 Η.]
