2996 5086
734 610 954 679 ,.6η..ἱ

309 809 450 890 διδόντας,
475 835 547 880 enm
570 811 761 897 praesertim
783 811 969 898 μεταδιδόναι
993 811 1125 878 verbum
1149 810 1191 877 sit
1212 811 1246 877 in
1261 811 1381 878 talibus

307 917 375 985 fere
386 918 539 1004 solemne,
555 925 642 986 certe
655 918 743 1003 apud
754 918 949 984 Musonium.
966 917 1005 986 cf.
1016 916 1163 986 Clemens
1175 917 1271 984 Alent.
1283 918 1381 1002 paed.

307 1025 363 1092 111
380 1031 399 1091 6
415 1049 446 1111 p.
462 1030 526 1092 274
541 1025 580 1092 P.
597 1025 796 1110 (Wendland
811 1030 935 1110 quaest.
951 1025 1037 1091 Mus.
1053 1047 1085 1109 p.
1104 1029 1145 1090 63
1163 1028 1263 1112 sqq.):
1287 1026 1382 1089 πλοῦ-

308 1154 358 1196 του
381 1137 471 1198 τοίνυν
495 1133 694 1221 μεταληπτέον
718 1131 880 1214 ἀξιολόγως
901 1136 953 1197 καί
967 1132 1142 1219 μεταδυτίον
1159 1133 1382 1221 φιλανθρώπως

307 1237 368 1304 κτὲ.
390 1239 434 1306 ib.
450 1263 482 1325 p.
500 1244 564 1306 275
580 1239 620 1308 P.
637 1237 711 1304 ἀστε
728 1236 786 1326 οὐχ
802 1237 818 1304 ὁ
833 1239 911 1328 ἔχων
926 1243 977 1304 καί
992 1240 1153 1330 φυλάττων,
1170 1236 1239 1304 ἀλλ’
1254 1237 1270 1303 ὁ
1286 1262 1380 1326 μετα-

310 1347 409 1419 διδούς
431 1348 580 1424 πλοῦσιος,
603 1350 655 1410 καὶ
677 1344 697 1434 ἡ
721 1347 878 1432 μετάδοσις
900 1349 948 1411 τδν
972 1350 1127 1433 μακάριον,
1153 1343 1211 1432 οὐχ
1233 1343 1253 1434 ἡ
1276 1357 1382 1434 κτῆσις

311 1454 443 1520 δείκνυσι.
466 1453 510 1520 ib.
526 1456 643 1537 καρπός
659 1453 691 1517 δὲ
706 1458 808 1540 ψυχης
822 1456 855 1518 τδ
871 1450 1072 1540 εὐμετάδοτον.
1102 1452 1165 1520 hoc
1180 1454 1381 1538 praeteriens

309 1581 437 1627 moneo.
473 1560 631 1626 ubertatis
647 1565 756 1626 autem
772 1565 804 1626 et
819 1560 1050 1626 redundantiae
1074 1560 1215 1626 studium
1237 1559 1323 1644 quod
1346 1560 1380 1624 in

309 1672 426 1751 quando
450 1688 598 1734 sermone
622 1666 826 1733 observatum
849 1671 909 1751 est,
938 1667 1022 1732 idem
1045 1666 1117 1751 plus
1139 1667 1282 1732 minusve
1305 1687 1382 1732 con-

309 1774 455 1858 spicuum
478 1779 526 1840 est
550 1773 646 1838 etism
669 1774 702 1838 in
725 1773 849 1838 ceteris.
882 1794 1019 1856 quorum
1046 1773 1192 1857 exempla
1215 1772 1379 1838 adscribo:

185 1913 188 1918 ·
311 1885 344 1964 2,
373 1884 413 1944 17
446 1879 580 1966 ἀνδρεῖος
612 1877 685 1946 εἶναι
718 1882 770 1944 καὶ
803 1884 978 1965 καρτερικός
1011 1883 1044 1962 4,
1074 1884 1114 1944 12
1146 1878 1298 1944 ἀδάπανον
1327 1882 1381 1943 καὶ

310 1986 472 2077 ἀτρύφερον
501 1990 567 2070 7,1
596 1983 658 2050 ἐπεί
688 2009 731 2058 τις
759 1985 833 2050 ὤθει
861 1990 913 2051 καὶ
941 1985 1132 2075 ἐτραχήλιζεν
1159 1991 1251 2069 0,10
1282 1984 1312 2050 ἐν
1342 1997 1381 2072 τη

310 2098 393 2178 πάση
424 2090 545 2178 εὐκολία
574 2097 625 2158 καί
649 2092 782 2178 ἀπαθείη
806 2098 837 2177 9,
856 2098 873 2158 7
898 2090 1003 2181 εὐπειη
1026 2095 1078 2157 καί
1100 2090 1188 2179 ῥᾴδια
1212 2097 1280 2175 9,8
1309 2093 1382 2156 δοσ-

308 2204 398 2288 χερὲς
419 2204 471 2265 καί
491 2198 625 2267 ἐπίπονον
642 2205 672 2282 9,
693 2204 732 2264 13
757 2200 852 2285 διαίτη
875 2197 985 2264 εὐτελεῖ
1007 2203 1059 2290 καί
1080 2200 1147 2286 λιτῇ
1167 2203 1217 2282 10,
1237 2203 1253 2262 1
1272 2196 1382 2285 ἀπορία

308 2311 361 2372 καὶ
384 2308 485 2373 δάνεια
511 2311 562 2388 10,
580 2312 597 2371 7
623 2305 750 2390 ἀγεννῶς
772 2309 823 2371 καί
846 2302 1006 2390 ὀδυρτικῶς
1025 2311 1076 2389 10,
1094 2310 1113 2370 9
1137 2303 1314 2390 ἐλευθερίως
1327 2310 1381 2369 καί

309 2412 445 2503 ἀφόρτως
464 2418 514 2496 12,
534 2414 653 2501 2μάλα
675 2410 786 2498 ἱλαρῶς
808 2436 840 2477 τε
862 2416 915 2476 καί
937 2411 1068 2486 εὐκόλως
1087 2416 1138 2496 17,
1159 2416 1198 2478 12
1215 2411 1381 2500 ἀκληρημά

309 2543 335 2584 τι
350 2524 402 2585 καί
417 2519 528 2595 ὄνειδος
547 2524 598 2603 17,
618 2523 658 2584 14
680 2517 793 2607 ἐπιεικῆ
809 2522 860 2584 καὶ
883 2510 994 2585 δίκαιον
1010 2519 1080 2585 ὄντα
1098 2525 1150 2602 18,
1166 2523 1188 2584 4
1207 2515 1262 2584 ὐπδ
1278 2520 1381 2584 καλῶν

309 2632 361 2693 καὶ
383 2627 507 2710 ἀγαθῶν
533 2631 583 2709 18,
602 2632 621 2691 5
645 2627 822 2714 ἀγνωμόνως
844 2630 896 2691 καί
919 2627 1031 2700 ἀδίκως
1056 2631 1106 2709 18,
1133 2631 1169 2692 11
1196 2625 1307 2699 ὄνειδος
1327 2630 1381 2690 καὶ

310 2733 474 2824 ἀκληρημα
499 2738 549 2814 18,
569 2739 609 2798 13
633 2737 796 2822 μοχθηράν
819 2737 871 2798 καὶ
893 2732 1052 2822 ἀχάριστον
1075 2731 1165 2799 οὐσαν
1190 2737 1242 2816 18,
1261 2737 1298 2798 17
1324 2755 1382 2796 πο-

309 2844 401 2929 νηράν
423 2843 475 2904 καί
497 2837 650 2925 ἐπίβουλον
672 2837 762 2904 οὐσαν
780 2845 867 2922 19,1
892 2844 1021 2928 πονηρὰν
1036 2843 1089 2904 καὶ
1103 2839 1263 2927 ἀχάριστον
1290 2843 1381 2922 19,ῦ

311 2950 410 3033 σαπρά
432 2950 484 3010 καὶ
505 2943 615 3032 ῥέουσα
636 2950 689 3010 καὶ
710 2950 933 3011 καταπίπτουσα
956 2946 1011 3032 (cf.
1027 2945 1139 3012 Hense
1156 2946 1238 3030 prol.
1254 2968 1287 3030 p.
1303 2944 1382 3012 XX

310 3076 343 3138 p.
362 3057 402 3119 19
418 3052 508 3141 adn.)
534 3055 585 3137 19,
607 3058 627 3118 8
651 3051 795 3144 ἀσφαλῶς
823 3056 875 3117 καί
904 3051 1026 3126 ἀκόπως
1049 3058 1103 3136 20,
1127 3057 1146 3117 3
1169 3057 1246 3140 μέγα
1273 3051 1305 3115 δὲ
1327 3055 1382 3116 καὶ

311 3164 459 3248 προσηνὲς
482 3160 550 3245 (ubi
565 3182 650 3225 nunc
665 3165 810 3248 προσηνές
826 3163 900 3244 <τι>
920 3158 1061 3243 praefert
1077 3158 1250 3245 Gieseeke)
1267 3161 1320 3240 21,
1338 3161 1381 3222 15

308 3266 360 3355 ἴση
383 3270 435 3331 καὶ
449 3264 538 3354 ὁμοία
553 3267 608 3354 (cf.
625 3266 671 3336 Η.
687 3266 770 3351 prol.
786 3288 818 3350 p.
834 3265 924 3353 XX)
948 3270 1036 3349 23,1
1063 3262 1088 3330 εί
1104 3265 1136 3329 δὲ
1152 3268 1195 3354 μὴ
1211 3267 1381 3354 κρυφθείης

309 3372 390 3438 ἀλλά
412 3373 528 3464 ἄταφος
548 3371 729 3462 <ριφθείης>
751 3377 803 3453 33,
823 3380 840 3439 7
864 3378 942 3460 μέγα
963 3377 1015 3438 καί
1037 3371 1189 3455 ἀξιόλογον
1213 3373 1267 3459 (ef.
1290 3371 1380 3442 Plut.

309 3502 388 3548 mor.
412 3503 445 3565 p.
465 3485 549 3546 1092
566 3480 613 3568 D)
636 3484 687 3562 37,
705 3484 727 3546 4
749 3485 792 3554 τίς
808 3478 988 3567 ἐντιμότερος
1009 3485 1125 3562 γέγονεν
1148 3477 1273 3566 ἢτιρῶν
1296 3481 1381 3544 πλει-

310 3592 382 3654 όνων
398 3584 533 3675 ηίιῶθη;
551 3591 604 3670 37,
618 3590 701 3660 ῦτάς
716 3591 886 3672 θυγατέρας
902 3583 958 3651 οὐκ
972 3584 1094 3653 ἐδύνατο
1109 3584 1255 3652 ἐκδόσθαι
1269 3595 1380 3673 προῖκα

309 3694 379 3767 δούς
403 3698 460 3777 39,
482 3699 501 3758 ῦ
530 3696 681 3782 φυλάττειν
705 3699 763 3758 καί
790 3693 940 3780 ἀγρυπνεῖν
966 3697 1023 3777 99,
1048 3699 1067 3759 6
1098 3691 1171 3782 ἀνὴρ
1199 3698 1299 3775 γέγονε
1326 3696 1380 3757 καὶ

309 3799 436 3888 ἀκμάζει
459 3806 511 3885 39,
529 3807 548 3866 9
571 3808 750 3891 παρηκμασε
773 3805 825 3866 καὶ
847 3800 965 3890 ἔρχεται
988 3798 1030 3875 εἰς
1053 3811 1149 3888 γηράς
1169 3804 1260 3885 43,ῦ
1285 3803 1381 3889 φόβος

308 3911 360 3972 καὶ
383 3906 494 3990 ἀγωνία
509 3911 563 3988 43,
583 3913 600 3972 7
618 3912 774 3997 φοβοῦνται
796 3912 848 3972 καί
871 3907 1014 3989 ἀγωνιῶσι
1036 3911 1090 3991 43,
1108 3912 1127 3972 9
1149 3904 1310 3992 ὀργίζονται
1324 3911 1378 3973 καὶ

307 4015 471 4100 θυμοῦνται
482 4016 534 4078 καὶ
545 4011 709 4102 ὐφορῶνται
721 4018 774 4096 43,
790 4019 831 4079 10
844 4017 1036 4102 ζηλοτυποῦσι
1048 4017 1098 4079 καί
1110 4018 1254 4102 φθονοῦσι
1265 4018 1319 4098 43,
1334 4020 1376 4080 16

307 4118 434 4202 ἀγεννῶς
456 4123 507 4184 καὶ
523 4125 565 4208 μη
588 4118 745 4207 εὐθαρσῶς
763 4124 817 4205 43,
833 4125 873 4186 10
897 4126 940 4209 μη
956 4122 1157 4210 δυσφοροῦντα
1173 4122 1250 4210 μηδὲ
1266 4122 1378 4188 δυσκο-

306 4228 442 4293 λαίνοντα
464 4230 518 4311 43,
536 4231 577 4292 20
602 4226 702 4312 ἀγαπᾷ
725 4231 775 4292 καὶ
797 4232 909 4312 στέργει
924 4231 977 4309 44,
997 4230 1039 4291 14
1057 4234 1207 4317 χρήσιμος
1229 4233 1281 4293 καὶ
1302 4233 1379 4318 βοη·

306 4337 365 4408 θός
388 4337 442 4417 45,
461 4335 500 4399 11
524 4335 665 4400 κλαίοντα
687 4336 739 4398 καὶ
760 4335 941 4420 λυπούμενυν
963 4337 1018 4417 45,
1037 4338 1077 4400 13
1101 4331 1266 4400 ὀδυνᾶσθαι
1282 4339 1381 4420 <καὶ>
