2996 5086
546 627 743 685 „5-

1 825 28 889 ll·
111 815 285 881 comoedia.
325 816 365 882 de
385 815 550 900 tragoedia
570 816 640 880 vide
656 816 773 882 Nauck
789 817 830 881 ad
847 815 946 900 Soph.
966 816 1083 882 Trach.
1102 821 1176 881 595.

1 955 27 997 117

111 927 276 1006 suspectus
293 927 341 988 est
356 921 472 1008 Lysiae
494 922 648 988 loeusor.
668 927 790 1004 22,11.
825 922 941 1007 legitur
963 923 1066 989 forma
1088 923 1175 1006 apud
1206 1011 1207 1014 Ἴ

1 1042 26 1107 β,
110 1030 316 1112 posteriorem
340 1029 427 1095 velut
450 1028 535 1112 apud
558 1028 728 1114 Polybium
751 1027 827 1103 ἐξ-
850 1030 901 1099 IV
926 1035 956 1114 9,
975 1034 994 1094 5
1017 1031 1177 1115 προσελείι-

7 1173 25 1216 μ
93 1139 218 1236 ,σεσβαι
232 1136 324 1202 XXI
344 1140 394 1220 11,
408 1141 437 1200 6.
478 1135 516 1203 cf.
534 1135 678 1205 Veiteh4
698 1159 730 1220 p.
745 1141 819 1219 275,
843 1136 897 1202 ubi
914 1138 1072 1203 omittitur
1087 1137 1176 1203 loeus

1 1283 21 1314 π
110 1243 240 1310 ΤοΙοίίσ.

1 1392 19 1432 ,1.

177 1353 401 1438 στεμηθβσομαι
424 1350 503 1414 dixit
519 1349 613 1416 Telos
635 1372 729 1416 sensu
748 1351 885 1434 passivo,
910 1372 974 1417 non
997 1357 1176 1438 στερήσομαι

1 1503 23 1546 ,,
109 1461 163 1540 41,
183 1462 234 1522 12.

177 1563 319 1630 futurum
334 1564 466 1629 tertium
482 1564 568 1648 quod
584 1564 700 1630 dicitur
714 1564 871 1631 formatur
890 1587 949 1649 per
972 1565 1086 1651 ἔσομαι,
1110 1586 1175 1630 non

1 1720 21 1763 ,,
108 1671 206 1738 modo
230 1672 354 1756 generis
378 1671 488 1736 activi:
522 1675 638 1754 39,13
667 1671 748 1737 ἔσται
776 1676 926 1758 βεβιωκώς
956 1677 987 1754 2,
1013 1675 1053 1737 14
1082 1694 1175 1736 κατα-

108 1780 314 1865 κεκλεισμένος
336 1777 401 1863 ἐσμ.

175 1885 278 1952 forma
309 1885 423 1951 amisti
452 1882 554 1970 ἐβίωσε
583 1885 700 1969 legitur
732 1890 783 1968 39,
802 1890 831 1956 9.
879 1886 1052 1952 admodum
1082 1907 1174 1951 rarus

11 1963 15 1973 '‘
108 1993 160 2058 hro
188 1993 324 2058 amous
356 1991 443 2075 apua
465 1991 611 2057 Atticos:
651 1991 736 2057 Ρμι.
760 1992 881 2060 Phaed.
905 2015 936 2076 p.
964 1991 1175 2076 113111111-

1 2149 15 2193 ,
109 2123 209 2173 σαντες
226 2099 293 2187 (ubi
308 2103 435 2184 βιοῦντες
449 2101 601 2183 proponit
616 2099 769 2184 Hirsohig
785 2106 817 2165 et
833 2097 936 2165 Cobet
959 2123 990 2164 n.
1006 2099 1027 2164 1.
1044 2123 1075 2184 p.
1095 2100 1172 2183 577)

109 2207 195 2274 Xon.
228 2229 295 2273 oee.
325 2207 376 2276 IV
409 2210 449 2271 18
479 2203 504 2270 εἰ
536 2204 652 2291 ἐβίωσεν
686 2205 724 2291 (εἰ
754 2204 858 2291 ἐπεβίω
893 2207 929 2271 ei.
960 2204 1065 2272 Cobet
1094 2205 1115 2273 l.
1144 2228 1172 2270 ο.

107 2336 139 2397 p.
162 2315 239 2401 576)
271 2335 351 2381 com.
385 2335 480 2384 anon.
508 2335 536 2377 v.
560 2313 611 2382 IV
638 2335 669 2396 p-
693 2318 756 2377 669
780 2312 878 2378 Mein.
910 2322 1009 2378 τοῦτον
1038 2317 1086 2377 τὸν
1112 2316 1172 2397 βίον

1 2456 16 2517 ,κ
108 2421 139 2486 ὃν
162 2419 217 2486 οὐκ
240 2420 351 2506 ἐβίωσε.
386 2427 494 2487 tamen
509 2442 529 2486 a
544 2419 656 2486 Telete
673 2419 734 2505 (vel
757 2441 778 2484 a
800 2418 945 2502 Oratete)
961 2441 1027 2486 non
1050 2420 1172 2486 abiudi-

1 2511 13 2602 ,
109 2529 211 2594 canda
233 2530 293 2594 erit
322 2528 436 2611 forma,
465 2549 658 2612 quamquam
681 2528 735 2594 illo
759 2551 822 2594 uno
846 2528 920 2594 loeo
943 2529 1068 2612 legitur,
1097 2549 1172 2592 nam

1 2692 14 2734 ,,
108 2637 221 2702 eadem
252 2636 323 2720 plus
355 2636 452 2702 semel
482 2657 558 2701 usus
590 2643 639 2702 est
662 2635 872 2718 Aristotelea,
908 2636 997 2700 ouius
1028 2635 1173 2718 exempla

1 2817 3 2827 .
108 2743 235 2828 collegit
258 2743 374 2809 Bonita
402 2745 447 2808 in·
465 2743 570 2808 indice
594 2749 626 2808 et
649 2743 793 2812 Veiteb⁴
815 2765 847 2826 p.
873 2746 934 2806 133
959 2743 1013 2826 qui
1036 2763 1171 2808 comme·

107 2872 234 2917 morare
256 2854 387 2934 poterat
411 2851 507 2915 etiam
530 2849 685 2915 Teletem.
729 2855 871 2916 ceterum
894 2849 981 2933 quod
1004 2850 1037 2914 in
1060 2849 1171 2915 eadem

107 2957 228 3024 Teletis
251 2958 369 3040 pagina
394 2961 505 3039 39,13
533 2956 650 3040 legitur
672 2960 830 3041 βεβιωκώς,
861 2957 894 3021 id
917 2956 1036 3021 dictum
1061 2962 1110 3021 est
1133 2977 1172 3021 ex

5 3109 7 3118 .
106 3086 196 3130 more
220 3063 418 3130 Atticorum.

173 3171 308 3237 formam
332 3169 416 3243 εἶπας
438 3170 558 3235 habent
579 3170 653 3235 libri
677 3167 774 3235 SMA
800 3175 849 3253 le,
877 3174 927 3252 11,
952 3169 1008 3235 sed
1031 3167 1108 3241 εἶπες
1131 3169 1170 3233 L.

2 3265 7 3355 J
106 3279 228 3344 formae
251 3277 330 3345 εἷπον
353 3277 427 3342 εἴποι
451 3275 537 3342 εἰπεῖν
560 3274 688 3350 εἰπόντος
714 3276 864 3362 leguntur
886 3278 920 3341 in
941 3276 1020 3342 loeis
1042 3276 1171 3360 reliquis

107 3409 188 3470 quos
212 3387 332 3470 signavi
354 3386 389 3450 in
411 3385 524 3450 indice.
570 3382 726 3466 ἐνέγκαντα
752 3384 827 3450 libri
855 3389 884 3466 9,
906 3388 955 3464 10,
984 3383 1040 3449 sed
1068 3383 1171 3450 eidem

107 3492 260 3576 ἐνεγκόντα
285 3497 336 3576 10,
353 3496 385 3557 4.
426 3496 533 3556 utrum
556 3491 745 3576 praetule1it
760 3491 865 3574 TeleS,
890 3490 1030 3557 dubitari
1051 3497 1170 3574 potest.

105 3600 261 3666 librorum
299 3601 331 3665 in
366 3599 484 3665 talibus
519 3620 584 3664 non
617 3599 714 3663 nimia
746 3598 836 3664 fides.
889 3620 927 3664 ex
962 3619 1008 3681 gr.
1044 3597 1170 3683 εἴποιμεν

1 3774 3 3781 ,
106 3707 203 3773 habet
228 3704 401 3772 SStobaei
423 3705 635 3789 11011224,
659 3704 789 3790 εἴποιμεν
812 3704 884 3770 libri
907 3704 1053 3770 Platonis
1069 3703 1169 3788 Soph.

105 3837 138 3898 p.
156 3819 220 3880 240
243 3813 287 3878 D.

174 3921 214 3988 de
236 3919 329 4007 ἥπατε
351 3920 457 4008 forma
480 3920 519 3986 ef.
543 3920 655 4006 Meyer
675 3941 728 4002 pr.
742 3919 910 4002 pr·amm.²
935 3917 1035 4006 §562
1057 3923 1089 3983 et
1106 3923 1169 3982 563

106 4036 139 4095 et
162 4050 244 4113 quae
268 4029 402 4094 adnotat
425 4027 545 4094 Hense.

172 4157 230 4220 pro
247 4140 404 4223 πετάφαπαι
425 4134 502 4199 dicit
517 4134 611 4200 Teles
627 4134 772 4198 nimirum
788 4137 968 4220 τεθαμμένοι
983 4129 1051 4198 εἰσίν
1068 4136 1120 4213 21,
1140 4137 1169 4215 7,

105 4245 147 4310 cf.
170 4243 364 4310 ΜοίοίοπῙι.2
387 4265 418 4326 p.
439 4246 512 4326 131,
529 4247 560 4306 4.

174 4351 302 4436 dignum
331 4355 583 4416 commemoratu
613 4354 662 4416 est
690 4352 928 4435 μαθεσταμένοςε
962 4351 1050 4429 16,3
1083 4343 1170 4410 ὁνῦν
