2996 5086
722 605 942 673 ,72-

297 807 325 875 ol
347 810 476 895 βασιλεῖς
502 805 585 872 abael
610 808 726 894 πολλῆς
755 803 935 893 ἐπάρχοντος
961 808 1012 868 ναὶ
1038 803 1204 890 προσόδους
1231 803 1365 888 μεγάλας
1479 818 1494 859 ⁴2:

299 916 417 1005 ἔχοντες
432 913 515 982 οὐδὲν
537 913 624 1002 ἦττον
641 917 822 987 σπανίζουσιν
840 916 894 995 32,
914 917 953 976 15
972 913 1129 995 excipitur
1144 912 1207 976 hoc
1222 909 1365 974 membro
1479 926 1495 984 ῑς

298 1024 517 1096 πολοσονδέτως
540 1021 741 1089 conformato
765 1018 839 1084 dore
861 1023 913 1084 aad
935 1023 1134 1105 τομβωροχεῖν
1157 1021 1208 1082 καὶ
1230 1021 1310 1102 καρὰ
1333 1019 1365 1080 τὸ
1482 1031 1484 1038 “

299 1142 449 1220 προσῆκον
472 1130 652 1220 φογαδείειν.
686 1129 743 1195 sed
765 1128 846 1194 haec
861 1125 1021 1193 sufficiant
1036 1132 1200 1210 tamquam
1221 1125 1368 1210 exempla
1484 1162 1486 1177 ·

300 1241 438 1325 potiora.

369 1345 602 1431 anaphoram
618 1366 711 1429 quam
727 1345 760 1409 in
777 1343 896 1410 deliciis
912 1343 1059 1409 habuerit
1071 1343 1175 1428 Teleq
1191 1344 1255 1410 iam
1270 1345 1368 1411 mani-
1486 1359 1496 1400 Δ]

300 1456 419 1523 festum
440 1454 509 1520 fere
537 1459 586 1519 est
609 1451 755 1539 asyndeti
784 1453 936 1536 exemplis
958 1451 1104 1537 prolatis.
1138 1453 1249 1536 paucis
1271 1454 1369 1536 igitur
1488 1469 1496 1504 ³

303 1563 467 1646 defungor.
503 1567 539 1626 ut
561 1561 699 1627 hominis
721 1559 909 1625 insatiabilis
925 1560 1047 1626 animus
1064 1565 1097 1626 et
1119 1560 1278 1644 inquietus
1294 1567 1368 1627 ante
1489 1577 1496 1612 ι’

303 1669 413 1736 oculos
437 1674 592 1753 ponatur,
619 1688 685 1732 non
706 1667 773 1733 sine
797 1665 934 1732 a1tificio
961 1666 1099 1732 iteratur
1120 1667 1208 1733 istud
1230 1665 1292 1731 εἶτα
1316 1671 1368 1750 32,
1485 1709 1488 1718 ι

304 1783 324 1843 8
341 1795 424 1860 sqq:
448 1775 545 1860 ἕτερον
560 1777 635 1859 πρὸς
651 1773 768 1838 σπείοδει
783 1776 966 1861 κτήσασθαι·
992 1777 1044 1860 μία
1059 1778 1125 1858 γάρ,
1147 1778 1228 1862 φησί
1244 1774 1370 1860 χελιδὼν
1486 1771 1496 1830 l

303 1883 357 1971 ἔαρ
384 1880 525 1948 obseret.
553 1878 614 1945 εἶτα
637 1881 699 1957 ooo,
727 1877 789 1944 εἶτα
810 1879 929 1966 νιᾶγρόν,
957 1877 1006 1945 εἶτ’
1033 1878 1200 1968 Ἀθηναῖος
1222 1885 1370 1963 γενέσθαι,
1485 1913 1494 1938 ι

305 1989 366 2055 εἶτα
382 1990 478 2074 ἄρξαι,
499 1986 559 2053 εἶτα
581 1988 760 2073 βασιλεῦσαι,
784 1984 854 2064 εἶτα,
878 1985 976 2073 ὥσπερ
991 1986 1198 2072 Ἀλέξανδρος,
1219 1971 1373 2061 ἀθάνατος
1486 2003 1489 2010 “

305 2100 444 2181 γενέσθαι
466 2093 526 2159 νιτὲ.
558 2116 618 2161 nec
633 2116 708 2160 vero
731 2095 937 2161 mediocriter
958 2095 1174 2179 persuadendi
1188 2097 1252 2161 vim
1275 2101 1373 2179 auget
1488 2117 1497 2156 :s

306 2204 473 2287 anaphora
494 2201 543 2266 his
566 2199 600 2266 ob
624 2203 748 2290 φανερὸν
771 2198 814 2265 ὅτι
837 2198 871 2266 ob
893 2205 926 2266 τὸ
947 2212 1053 2288 γῆρας,
1076 2199 1111 2266 ob
1133 2205 1185 2290 τὴν
1207 2206 1315 2279 πενίαν,
1339 2199 1373 2266 ob
1489 2204 1497 2228 ³

307 2315 359 2400 τὴν
382 2311 474 2384 ξενίαν
490 2306 631 2374 αἰτιατέον
654 2305 721 2372 ἀλλ’
744 2305 841 2392 ἕτερον
864 2331 903 2386 τι;
927 2313 1029 2391 8,11.
1062 2308 1177 2393 quibus
1200 2308 1374 2375 admodum
1486 2326 1497 2368 r

308 2417 417 2483 similis
440 2415 641 2500 paupertatis
665 2413 808 2480 Bioneae
838 2415 949 2498 oratio
969 2420 1011 2504 μὴ
1035 2418 1130 2480 καλοῦ
1157 2438 1233 2489 τινος
1259 2413 1295 2480 δι’
1321 2413 1374 2503 ἐμὲ
1488 2411 1497 2477 i

306 2528 456 2609 στερίσνιῃ;
473 2526 515 2610 μὴ
528 2524 732 2610 σωφροσὺνηε;
749 2525 791 2609 μὴ
807 2522 1006 2610 δικαιοσύνης
1024 2526 1111 2610 (μὴ)
1128 2521 1278 2607 ἀνδρείας
1295 2520 1374 2586 ἀλλὰ
1488 2541 1495 2580 ι

308 2636 349 2719 μὴ
372 2641 428 2695 τῶν
455 2628 621 2712 ἀναγκαίαν
644 2625 747 2716 ἐνδεὴς
769 2627 807 2706 εἶ;
835 2627 895 2694 art.
928 2633 961 2713 4,
985 2635 1002 2694 7
1026 2651 1096 2713 sqq.
1131 2629 1188 2695 sed
1218 2628 1374 2695 debebam

307 2743 408 2804 totam
424 2737 492 2802 fere
507 2735 706 2821 perscribere
723 2736 911 2820 orationem,
935 2737 962 2803 si
977 2759 1043 2803 rem
1061 2737 1227 2803 exhaurire
1250 2735 1373 2803 vellem.

308 2843 439 2910 artificis
461 2843 542 2910 haee
562 2847 636 2908 sunt
659 2843 733 2922 stili,
756 2864 821 2908 non
836 2850 957 2910 temere
976 2843 1073 2910 verba
1089 2844 1180 2927 quasi
1202 2842 1373 2922 fundentis,

309 2951 397 3037 quod
419 2951 530 3017 vellem
549 2950 649 3036 magis
672 2951 828 3017 tenuisset
850 2973 954 3035 nuper
968 2951 1010 3016 R.
1026 2951 1150 3017 Heinze
1173 2973 1253 3017 mus.
1269 2950 1374 3016 Rhen.

309 3056 603 3140 XLVpslsadn.
615 3077 687 3121 cum
695 3055 792 3121 Bioni
800 3056 960 3123 vindicare
969 3077 1033 3122 non
1044 3055 1207 3123 dubitaret
1217 3056 1375 3144 (utipsius

311 3163 408 3231 verba
423 3162 567 3250 afferam)
580 3167 822 3246 polteradea
848 3167 972 3230 derben
992 3167 1238 3231 Distribensttl.
1263 3161 1377 3247 quodsi

311 3269 431 3337 Teletis
442 3289 625 3335 sermonum
636 3269 754 3336 auxilio
767 3271 863 3337 etiam
876 3270 916 3338 de
926 3270 1057 3337 Bioneis
1069 3270 1214 3337 diatribis
1225 3271 1377 3336 iudicium

311 3377 380 3444 fieri
403 3378 487 3462 licet,
513 3377 601 3460 quod
615 3376 693 3442 mihi
715 3398 778 3442 non
801 3377 932 3444 dubium
955 3383 1015 3462 est,
1039 3379 1117 3444 satis
1140 3378 1261 3461 politae
1285 3382 1377 3443 erant

313 3484 470 3551 diatribae
492 3485 634 3568 artisque
657 3483 837 3550 rhetoricae
859 3484 1029 3551 luminibus
1052 3490 1226 3552 exornatae
1249 3485 1306 3550 sed
1328 3483 1379 3571 (ut

312 3598 400 3661 recte
416 3593 562 3676 exposuit
574 3592 700 3678 Hense)
717 3593 872 3658 sermonis
888 3591 1052 3660 familiaris
1069 3594 1176 3659 colore
1193 3593 1284 3676 quasi
1298 3597 1378 3658 tem-

313 3701 443 3784 peratis.
478 3697 554 3764 nolo
578 3699 677 3782 igitur
691 3707 839 3784 repetere
863 3721 944 3783 quae
967 3700 1019 3767 ille
1036 3700 1184 3785 exposuit
1202 3700 1242 3765 de
1258 3699 1379 3765 Teletis

314 3807 463 3873 Bionisve
486 3805 593 3872 studio
610 3809 864 3892 paronomasiae‚
888 3809 929 3875 de
944 3808 1094 3874 membris
1110 3808 1287 3892 aequahter
1303 3829 1379 3873 con·

313 3915 470 3999 formatis,
494 3914 534 3981 de
556 3914 823 3980 homoeoteleutis
846 3915 1062 3999 similibusque
1086 3915 1213 3982 dicendi
1227 3913 1381 3999 artificiis,

316 4044 396 4108 quae
412 4022 439 4088 si
455 4022 524 4105 quis
541 4041 736 4105 cognoscere
751 4019 837 4088 volet
858 4020 956 4088 adeat
970 4022 991 4090 l.
1009 4043 1036 4087 o.
1052 4043 1084 4106 p.
1101 4020 1297 4090 LXXXIV
1308 4042 1380 4107 sqq.

316 4130 406 4196 adice
429 4150 514 4193 nuno
538 4128 624 4212 quod
649 4129 802 4194 orationis
822 4128 884 4194 vim
908 4135 940 4195 et
961 4129 1103 4213 vigorem
1126 4128 1213 4195 haud
1235 4150 1311 4196 raro
1334 4129 1382 4195 ita

315 4235 453 4302 intendit
479 4234 574 4300 Teles
605 4241 641 4300 ut
667 4236 771 4302 vicina
799 4235 955 4302 vocabula
984 4235 1025 4303 ab
1057 4235 1167 4303 eadem
1196 4236 1307 4303 littera
1334 4236 1381 4301 in-

317 4344 466 4427 cipientia
489 4347 718 4426 componeret,
747 4343 780 4408 in
804 4343 996 4427 easdemque
1018 4344 1069 4412 vel
1097 4343 1214 4410 similes
1244 4343 1382 4430 syllabas
