2996 5086
736 612 957 678 ...52-

311 809 515 898 Antiphanes
530 811 592 877 hac
606 832 686 878 voce
697 815 808 876 utatur
823 808 965 876 notabile
979 830 1049 876 esse
1064 813 1175 875 monet
1191 829 1242 873 me
1252 806 1383 888 Hense3

311 941 384 986 nam
401 919 474 1002 Bio,
498 919 587 984 cuius
603 918 737 1001 vestigia
759 917 792 982 in
814 917 967 1001 proximis
991 916 1036 1001 (p.
1058 920 1109 998 19,
1123 921 1143 979 2
1159 916 1245 1002 sqq.)
1268 917 1384 998 aperta

311 1032 396 1110 sunt,
409 1027 442 1095 in
453 1025 573 1092 deliciis
584 1024 683 1091 habet
692 1023 924 1107 Antiphonem.
941 1022 1049 1088 malim
1060 1023 1160 1106 igitur
1172 1043 1245 1087 cum
1252 1020 1383 1086 chsio

311 1134 420 1218 potius
449 1134 483 1198 in
513 1131 612 1198 dubio
641 1131 822 1215 relinquere
851 1152 915 1215 quo
948 1137 1080 1196 auctore
1110 1150 1187 1194 usus
1217 1128 1259 1194 sit
1286 1127 1384 1194 'Peles

310 1262 343 1325 p.
355 1243 405 1322 18,
420 1243 460 1304 14
469 1261 527 1323 sq,
545 1260 640 1323 quam
653 1236 791 1322 Stilponi
801 1238 963 1304 vindicare
975 1238 1037 1303 hoc
1049 1236 1385 1322 παρακεκινδυνευμένον

312 1368 385 1413 cum
401 1344 572 1413 Gieseckio
588 1343 638 1413 ‘de
649 1346 763 1429 philos.
775 1351 838 1411 vet.
856 1363 937 1430 quae
950 1345 992 1410 ad
1005 1344 1132 1412 exilium
1148 1348 1298 1428 spectant
1314 1364 1385 1408 san-

311 1451 595 1539 tentiis’(Lips.a.
615 1455 713 1538 1891)
735 1475 767 1537 p.
785 1457 816 1516 9.
849 1457 991 1519 ceterum
1014 1451 1100 1518 vocis
1123 1450 1290 1516 audaciam
1313 1451 1385 1534 ipse

312 1560 411 1626 sensit
426 1559 576 1643 scriptor,
601 1580 697 1643 quam
713 1563 749 1624 ut
765 1564 933 1625 excusaret
948 1558 1074 1624 addidit
1088 1557 1257 1625 formulam
1277 1556 1312 1622 εἰ
1328 1559 1388 1623 δεῖ

314 1663 458 1730 εἰπεῖν
488 1663 635 1740 οὕτως.
676 1664 737 1731 hac
767 1666 863 1731 etiam
890 1663 1088 1752 Chrysippus
1118 1687 1194 1730 usus
1225 1671 1274 1730 est
1298 1671 1386 1730 teste

313 1772 490 1839 Plutarcho
521 1772 561 1838 de
583 1794 716 1857 repugn.
742 1770 896 1856 8101ορΙ
926 1776 1011 1837 1038
1035 1772 1068 1837 D
1090 1776 1141 1837 καὶ
1168 1777 1245 1858 μέγα
1268 1783 1385 1862 φρονεῖν

314 1883 365 1944 καὶ
399 1877 424 1944 εἰ
459 1881 503 1944 δεῖ
535 1878 627 1954 οὕτως
665 1877 752 1946 εἰπεῖν
790 1877 931 1967 ὑψαυχεῖν
966 1878 1028 1944 κτὲ.
1063 1885 1096 1946 01
1132 1880 1216 1945 hanc
1253 1880 1384 1963 quidem

315 1987 418 2071 magis
449 1987 600 2054 usitatam
632 2007 701 2054 esse
732 1985 902 2053 verborum
935 1986 1178 2053 collocationem
1214 1986 1386 2052 confirmat

313 2093 514 2178 Porphyrius
537 2093 576 2158 de
599 2092 681 2160 abst.
705 2093 758 2162 IV
774 2097 815 2158 20
831 2115 865 2176 p.
882 2097 946 2158 265
963 2114 1011 2176 sq.
1027 2093 1100 2160 Na:
1124 2103 1172 2159 νῖν
1196 2090 1258 2158 δ’ὲν
1281 2097 1385 2181 θνητῷ

317 2198 397 2272 ὄντες
418 2200 459 2265 ἔτι
482 2203 688 2288 θνητοτέρους,
712 2197 738 2263 εἰ
759 2204 820 2286 χρὴ
844 2196 938 2272 οὕτως
961 2196 1059 2276 εἰπεῖν,
1082 2198 1243 2286 ἀγνοοῦμεν
1259 2197 1388 2273 ἑαυτοὺς

315 2316 474 2379 ποιοῦντες.
497 2307 631 2373 similem
647 2305 815 2372 formulam
829 2303 864 2372 ἵν’
876 2303 969 2379 οὕτως
984 2305 1056 2371 εἴπω
1071 2306 1169 2372 habet
1185 2304 1386 2392 Chrysippus

315 2413 484 2480 Plutarchi
508 2414 548 2480 de
570 2435 704 2498 repugn.
726 2411 827 2479 Stoic.
849 2434 880 2497 p.
905 2417 989 2480 1050
1013 2413 1043 2478 F
1067 2413 1196 2501 (contra
1219 2412 1323 2482 Stoic.
1346 2415 1387 2480 de

317 2540 432 2587 comm.
449 2525 517 2586 not.
534 2542 566 2604 p.
585 2523 669 2585 1065
693 2519 748 2607 B).

382 2625 545 2708 εὐλογιστία
570 2630 658 2710 14,9
682 2623 873 2709 εὐλογιστίας,
896 2624 1109 2712 ὀρθοπραγίας,
1133 2624 1305 2713 εὐπραγίας,
1339 2650 1388 2696 re

315 2735 415 2799 currit
440 2755 504 2800 vox
530 2734 617 2818 apud
645 2731 773 2800 Stoicos
803 2731 896 2802 Stob.
918 2735 976 2800 ecl.
997 2735 1035 2800 H
1058 2740 1087 2817 7,
1113 2734 1171 2798 512
1195 2756 1227 2817 p.
1252 2740 1306 2817 60,
1336 2740 1388 2800 19.

315 2844 407 2922 61,1
433 2840 598 2907 Wachsm.
623 2839 727 2906 Marc.
752 2839 876 2907 Anton.
900 2840 952 2909 IV
973 2846 1026 2924 26,
1050 2841 1136 2926 apud
1163 2841 1387 2926 Plutarchum,

315 2948 413 3014 etiam
437 2948 471 3012 in
493 2947 709 3013 Ps.·Platonis
734 2946 854 3016 definit.
869 2969 902 3031 p.
918 2951 984 3014 412
1007 2949 1048 3014 11.
1495 2993 1496 3036 γ

381 3061 537 3143 κοσμητης
567 3056 633 3142 (38,
659 3056 699 3120 15
730 3059 778 3120 τὸν
807 3056 974 3144 κοσμητην)
1004 3055 1209 3140 magistratus
1241 3076 1308 3121 non
1339 3077 1386 3122 re-

313 3161 437 3245 peritur
469 3166 543 3226 ante
576 3160 671 3226 finem
704 3161 822 3228 saeculi
854 3163 975 3246 quarti,
1011 3161 1050 3227 cf.
1078 3161 1311 3246 Dittenbcrger
1346 3163 1385 3230 de

314 3266 444 3351 ephebis
474 3272 534 3334 011.
556 3289 589 3352 ρ.
614 3272 653 3332 31
681 3265 724 3334 G.
748 3265 877 3335 Gilbert
906 3273 1025 3336 tande.
1048 3269 1067 3334 I
1088 3292 1120 3354 p.
1144 3274 1220 3337 298.
1254 3275 1385 3354 praeter

313 3374 398 3441 hunc
421 3374 528 3441 locum
551 3375 774 3459 geminumque
793 3374 935 3441 Axiochi
956 3399 988 3460 p.
1007 3380 1070 3442 366
1093 3377 1124 3442 E
1146 3374 1262 3442 ἐπειδὰν
1287 3377 1319 3440 δὲ
1342 3375 1383 3449 εἰς
1494 3433 1495 3444 .

312 3482 380 3554 τοὺς
403 3479 532 3570 ἐφήβους
555 3479 703 3570 ἐγγραφῇ,
733 3486 889 3570 κοσμητης
918 3485 969 3546 καὶ
996 3486 1089 3571 φόβος
1114 3494 1221 3571 χειρῶν
1244 3505 1311 3549 non
1334 3488 1382 3548 001
1494 3469 1495 3534 l

313 3587 469 3653 traditum
493 3587 553 3653 nisi
576 3587 608 3652 in
631 3588 893 3672 inscriptionibus
917 3589 1025 3673 eisque
1051 3589 1298 3672 recentioribuS,
1328 3589 1381 3655 uhi

313 3691 341 3758 οἱ
364 3693 470 3784 ἔφηβοι
493 3698 541 3760 τὸν
564 3693 675 3760 ἑαυτῶν
698 3702 852 3784 κοσμητην
878 3696 927 3763 vel
955 3708 995 3781 τῷ
1022 3708 1161 3786 κοσμητη
1185 3709 1240 3763 τῶν
1264 3695 1380 3787 ἐφήβων

314 3801 387 3885 ρΙυο
410 3802 508 3868 semel
530 3802 647 3886 legitur
672 3802 726 3890 (cf.
744 3801 823 3869 OIA
847 3804 923 3869 111²
945 3829 976 3890 p.
995 3806 1085 3893 316).
1493 3891 1494 3894 ¹

380 3919 542 3995 perciperes
566 3910 653 3992 quod
677 3915 902 3994 exstat8,16
933 3908 975 3984 εἰς
997 3915 1030 3976 τὸ
1053 3922 1218 3998 μαγειρεῖον
1243 3935 1309 3979 non
1332 3934 1379 3978 re·
1493 3927 1494 3950 1

311 4015 411 4099 periri
427 4021 502 4081 ante
516 4014 727 4083 Aristotelem
744 4023 879 4102 apparet
895 4039 934 4084 ex
950 4020 995 4085 eis
1011 4040 1093 4104 quae
1105 4020 1237 4104 collegit
1248 4019 1380 4086 checlr

312 4122 354 4190 ad
366 4122 486 4208 Phryn.
502 4145 533 4207 p.
549 4127 623 4188 276.
649 4129 791 4190 ceterum
808 4124 953 4192 conferas
965 4125 1165 4193 Ruthcrford
1180 4125 1201 4192 l.
1215 4148 1243 4193 0.
1260 4150 1291 4211 p.
1306 4130 1378 4194 341.

309 4313 312 4320 .
379 4235 528 4317 μονοσιτὶα
552 4230 621 4316 (41,
644 4235 683 4295 13
708 4230 858 4318 ἀναχώρει
881 4230 923 4306 εὶς
945 4236 1122 4321 μονοσιτίαν)
1145 4234 1228 4299 sicut
1249 4233 1379 4300 verbum

311 4346 469 4423 μονοσιτεῖν
499 4337 599 4419 magis
632 4358 702 4402 esse
733 4338 929 4404 medicorum
963 4340 1118 4426 (citantur
1147 4340 1375 4425 Hippocrates,
