2996 5086
519 667 739 728 ..59-

99 858 167 941 πρδς
180 865 273 920 ταῦτα
284 853 405 941 ἐρωτᾶν.
419 853 666 940 ‘interrogare’i
678 877 705 922 e.
714 853 903 941 ‘syllogismo
913 854 981 939 uti’,
998 856 1037 922 of.
1046 857 1163 922 Bonitz

98 962 159 1027 iud.
187 961 290 1028 Arist.
314 985 339 1029 s.
356 986 384 1027 v.
402 961 681 1048 Schweighaeuser
699 963 777 1029 Arr.
798 965 906 1046 Epict.
922 969 946 1028 t.
963 962 1018 1030 III
1037 986 1070 1048 p.
1088 969 1163 1029 337.

163 1066 354 1157 εῦημὲρηκας
380 1075 431 1154 18,
456 1074 472 1134 l
497 1070 614 1135 dicitur
637 1070 677 1136 de
700 1077 816 1154 poetae
839 1092 998 1153 successu,
1015 1069 1054 1135 cf.
1076 1070 1163 1138 Plut.

99 1175 135 1241 de
158 1176 322 1259 tranquill.
343 1200 373 1262 p.
394 1180 459 1241 473
483 1177 513 1242 Β
536 1177 701 1264 κωμῳδοὺς
723 1175 938 1265 εὐημεροῦντας
960 1175 990 1242 ἐν
1015 1180 1162 1262 θεάτροις,

97 1281 285 1348 Athenaeus
301 1283 397 1348 XIII
408 1306 440 1368 p.
455 1287 520 1348 684
536 1284 567 1348 (1.
580 1283 711 1349 verbum
726 1282 885 1367 prioribus
901 1282 1085 1370 (Sophocli)
1100 1304 1163 1348 non

97 1389 239 1472 ignotum
262 1390 322 1455 etsi
345 1389 482 1456 alienum
507 1389 633 1456 videtur
657 1413 677 1456 a
700 1390 839 1456 Platone
866 1389 1162 1475 Xenophonteque,

97 1495 181 1560 haud
188 1517 297 1562 rarum
308 1503 357 1561 est
365 1496 451 1579 apud
461 1495 685 1564 Aristotelem.
702 1497 804 1562 utitur
814 1496 911 1563 verbo
921 1495 1068 1564 Philemo
1080 1518 1163 1562 com.

97 1603 145 1671 IV
166 1625 198 1687 p.
221 1608 262 1668 26
286 1625 315 1668 v.
339 1607 357 1666 3
381 1609 414 1668 et
438 1605 578 1670 comicus
601 1605 730 1688 ignotus
753 1604 805 1672 IV
825 1625 858 1687 p.
881 1608 944 1668 618
969 1603 1007 1668 fr.
1028 1603 1059 1668 L
1081 1625 1109 1670 v.
1132 1609 1163 1669 8.

97 1709 191 1776 Bioni
207 1709 399 1776 adscribitur
414 1731 434 1775 a
449 1710 581 1776 Laertio
597 1711 649 1780 IV
661 1714 720 1795 483
742 1710 784 1776 cf.
799 1709 919 1776 Macho
940 1710 1025 1794 apud
1040 1709 1163 1775 Athen.

97 1816 188 1882 XIII
215 1838 248 1900 p.
271 1821 334 1881 677
359 1817 390 1881 d.
428 1815 577 1904 εὐημερεῖν
604 1817 755 1883 tribuitur
781 1817 924 1901 Epicuro
953 1816 1007 1901 (of.
1035 1817 1075 1884 fr.
1097 1821 1163 1882 488

97 1924 235 2008 Vsener)
265 1924 298 1989 in
326 1923 437 1990 codice
463 1924 534 1990 Pal.
559 1945 606 2008 gr.
635 1928 697 1990 129
726 1923 747 1992 f.
773 1928 846 2007 23¹,
877 1923 917 1990 de
947 1945 1011 2007 quo
1038 1923 1164 1992 Vsener

108 2035 203 2097 lVr'en.
220 2035 307 2097 clud.
323 2030 399 2096 ΧΠ
420 2052 453 2114 p.
472 2034 487 2097 l
514 2052 583 2115 sqq.

161 2135 293 2204 εῦπλοεῖν
320 2141 444 2219 17,11.
484 2137 611 2204 Zenoni
635 2137 730 2203 datur
758 2135 949 2203 vocabulum
981 2158 1001 2203 a
1030 2136 1163 2203 Laertio

98 2244 165 2312 VH
188 2247 220 2325 4,
243 2243 362 2327 legitur
383 2244 469 2328 apud
492 2244 634 2310 Dionem
656 2242 770 2330 Chrys.
793 2243 979 2326 Amanum,
1004 2243 1094 2311 alios.

163 2352 357 2439 ζηλοτυποῦσι
377 2355 428 2415 καὶ
444 2354 587 2439 φθονοῦσι
609 2354 663 2436 43,
683 2356 733 2419 lo.
759 2352 873 2435 quodsi
893 2350 1035 2416 Moeridi
1059 2351 1163 2417 credis

97 2480 128 2541 p.
159 2462 221 2522 197
250 2456 370 2540 Bekk„
399 2459 480 2545 ζηλιῦ
508 2454 664 2535 Ἀττικῶς,
694 2458 848 2545 ζηλοτυπιῦ
879 2455 1077 2545 Ἑλληνικῶς,
1106 2458 1164 2523 sed

99 2570 129 2630 et
151 2564 249 2630 Plato
277 2563 376 2630 habet
402 2585 513 2630 vocem
541 2585 630 2633 conv.
658 2585 691 2647 p.
716 2567 780 2630 213
804 2563 837 2629 D
861 2565 1030 2651 ζηλοτυπῶν
1053 2588 1090 2652 με
1112 2568 1164 2629 καὶ

98 2674 216 2759 ρθονιῦν
251 2676 284 2736 et
317 2670 497 2737 Aeschines
531 2692 559 2735 ο.
587 2669 674 2736 Otes.
703 2674 767 2737 211
801 2674 950 2756 κάθαρμα
985 2672 1163 2758 ζηλοτυποῦν

98 2776 211 2865 ἀρετήν.
242 2776 281 2843 of.
299 2777 377 2846 Arr.
394 2778 500 2863 Epict.
516 2777 572 2843 ΙΠ
588 2783 640 2860 22,
659 2780 698 2842 61
717 2780 823 2866 φθόνοι
838 2780 889 2842 καὶ
905 2779 1084 2865 ζηλοτυπίαι.

162 2881 318 2971 ἱκανοῦμαι
344 2885 471 2969 (31,10
494 2882 549 2948 οῦκ
576 2883 706 2968 ἀρκεῖται
733 2881 796 2948 οὐδ’
819 2881 967 2950 ἱκανοῦται
996 2889 1084 2968 29,5
1109 2882 1164 2949 οῦκ

98 2989 132 3056 ἄν
153 2988 227 3056 ποθ’
249 2987 425 3079 ἱκανωθεῖη)
452 2989 583 3058 verbum
610 2991 651 3057 ab
678 3013 738 3056 usu
761 2992 955 3075 scriptorum
977 2989 1163 3057 Atticorum

98 3099 192 3182 plane
227 3097 365 3164 alienum
394 3098 530 3164 videtur.
577 3098 664 3182 apud
696 3098 891 3165 recentiores
925 3119 1001 3164 raro
1037 3105 1163 3165 exstare

100 3205 248 3291 (Dionys.
265 3204 342 3270 Hal.
360 3211 426 3271 ant.
443 3205 483 3271 R.
502 3210 531 3287 2,
552 3205 619 3290 74),
636 3205 820 3288 saepissime
836 3204 980 3271 adhiberi
996 3204 1037 3270 ab
1053 3211 1163 3272 aucto·

98 3312 186 3378 ribus
209 3312 397 3399 Byzantinis
420 3313 597 3378 adnotatur
617 3312 651 3376 in
674 3309 831 3394 Stephani
852 3312 936 3378 thes.
959 3334 988 3380 v.
1012 3308 1129 3376 ἱκανόυ.

162 3419 387 3507 κακοδαιμονεῖν
412 3422 464 3499 36,
479 3425 497 3483 7
513 3417 701 3485 Atticorum
723 3417 947 3485 consuetudini
969 3439 1084 3502 parum
1101 3418 1163 3484 dici

99 3528 323 3594 convenienter
334 3532 443 3593 monet
455 3525 654 3612 Phrynichus
667 3525 712 3611 (p.
723 3531 763 3590 79
774 3525 856 3591 Lob.
869 3547 901 3609 p.
914 3529 977 3590 162
989 3525 1162 3612 Rutherf.).

99 3635 263 3718 corrigrmt
284 3634 382 3717 igitur
396 3633 565 3720 Demosth.
581 3633 668 3701 VIII
686 3637 726 3698 16
749 3634 998 3720 κακοδαιμονοῦσι
1017 3632 1050 3698 in
1068 3653 1163 3698 κακο-

9 3817 10 3824 *
99 3742 267 3829 δαιμονῶσι,
290 3741 348 3806 sed
369 3744 421 3805 καὶ
443 3743 475 3805 τὸ
498 3738 677 3826 εὐδαιμονεῖν
700 3743 751 3805 καὶ
773 3742 805 3804 τὸ
820 3741 1046 3827 κακοδαιμονεῖν
1065 3738 1163 3806 habet

9 3923 10 3930 η
98 3847 263 3931 Xenopho
293 3847 386 3913 Hier.
410 3852 440 3930 2,
464 3850 497 3930 4,
526 3847 610 3912 inter
638 3846 827 3931 posterioris
850 3847 964 3914 aetatis
988 3846 1162 3929 scriptores

9 3939 10 4020 ι
99 3955 197 4038 Plut.‚
221 3954 341 4038 Epict,
365 3953 469 4020 Marc.
486 3953 567 4022 Ant.

9 4042 10 4094 l
163 4070 322 4145 κακουχιῦι
350 4063 402 4141 25,
424 4063 446 4124 4
472 4068 617 4146 κακουχεῖ
644 4056 730 4126 αῦτδν
752 4062 804 4123 καὶ
827 4059 962 4146 ξηραίνει.
996 4058 1084 4124 iuvat
1107 4058 1162 4124 ad-

9 4213 10 4246 .
100 4165 238 4233 scribere
261 4167 359 4233 verba
377 4166 633 4252 Wyttenbachii‚
658 4166 772 4250 quibus
794 4165 974 4232 illustratur
995 4165 1163 4231 Plutarchi

101 4295 187 4340 cona.
208 4274 252 4339 ad
268 4274 378 4358 Apoll.
399 4297 430 4358 p.
451 4277 514 4338 114
528 4276 573 4341 E:
598 4271 866 4360 ’κακουχουμένους
889 4269 1049 4356 “corporis
1066 4271 1161 4338 afflic-

9 4443 10 4472 η
100 4381 185 4448 tione
212 4377 373 4448 vexatos”.
413 4381 507 4448 Teles
536 4429 543 4446 .
569 4429 577 4446 .
603 4430 610 4445 .
634 4380 734 4447 Diod.
758 4379 822 4446 Sic.
850 4381 906 4446 111
929 4384 971 4446 23
994 4379 1088 4445 Χ1Χ
1111 4384 1161 4447 11.
