2996 5086
534 643 750 705 ..69-

103 835 354 922 διετραχηλίζετο,
370 833 451 898 ἀλλὰ
466 834 564 908 δεῖξας
579 831 658 919 αὐτῷ
674 838 722 900 τὸν
738 838 822 899 κίονα
833 831 979 919 εβέλτιστε>
994 829 1052 924 ἔφη
1068 831 1177 900 ‘rodrov

104 940 185 1006 ὤθει
200 938 364 1026 προσστάςῖ
388 941 620 1008 oedferendum
631 942 695 1009 hoc
712 963 780 1008 esse
791 946 900 1007 monet
913 941 1017 1008 editor
1029 941 1177 1026 Hauptio

103 1048 334 1131 adstipulatus.
369 1054 405 1113 ut
428 1050 556 1115 notiora
579 1049 736 1131 omittam,
763 1047 850 1114 velut
873 1050 970 1114 semel
992 1049 1069 1132 poni
1091 1049 1179 1114 haud

103 1177 187 1222 raro
210 1155 344 1221 verbum
367 1156 399 1220 in
422 1154 570 1221 membris
586 1156 753 1221 contrariis
777 1156 823 1240 (3,
844 1157 934 1220 1201
949 1160 1097 1243 κέχρησαι
1119 1164 1179 1227 ποῖς

104 1263 233 1336 πολλοῖς
254 1263 371 1339 καλῶς,
399 1260 458 1345 ἐγὼ
482 1263 514 1327 δὲ
537 1273 598 1334 τοῖς
620 1261 729 1346 ὀλίγοις
757 1261 941 1350 similibus),
968 1263 1017 1328 vel
1041 1284 1179 1348 eaquae

106 1370 220 1435 monui
248 1369 288 1436 de
315 1370 484 1453 participio
513 1391 611 1453 agens
634 1375 690 1435 aut
714 1370 753 1436 de
776 1369 946 1453 infinitivo,
975 1390 1123 1453 asperum
1147 1374 1179 1434 et

105 1476 251 1541 hiulcum
267 1496 366 1560 genus
383 1476 518 1560 dicendi,
544 1477 571 1541 si
593 1476 682 1542 libris
697 1475 797 1542 fidere
819 1477 905 1556 lieet,
930 1475 1179 1559 deprehenditur

104 1585 140 1649 in
163 1584 213 1648 his
229 1587 283 1666 47,
301 1589 320 1648 9
344 1582 457 1671 ἄδηλον
479 1587 536 1669 γὰρ
555 1588 641 1672 φησὶν
657 1582 673 1649 ὁ
689 1582 851 1672 Σωκράτης
873 1580 908 1648 οἰ)
923 1588 1011 1671 μόνον
1026 1595 1067 1669 τῷ
1082 1585 1179 1670 καλὴν

19 1753 20 1756 ,
106 1689 133 1755 εἰ
158 1689 207 1755 ἐπὶ
228 1693 320 1775 vairp
350 1691 454 1769 πλείω,
483 1690 563 1755 ἀλλὰ
589 1695 641 1757 καὶ
668 1703 708 1777 τῷ
739 1695 825 1756 τέκνα
852 1694 904 1755 καὶ
932 1692 1037 1778 φίλους
1063 1687 1088 1754 εἰ
1115 1694 1180 1775 περὶ

106 1802 232 1870 τοῖιτοος
246 1798 346 1862 πλεῖοι.
382 1798 438 1864 sed
461 1799 587 1882 integra
608 1800 689 1865 haec
710 1800 779 1864 esse
798 1799 925 1882 negavit
939 1797 1065 1880 Iacobs,
1090 1797 1180 1863 cuius

19 1911 20 1952 1
108 1905 348 1988 complementa
371 1907 629 1972 commemoravit
653 1906 767 1971 editor.

183 2031 253 2076 eum
275 2011 432 2078 brevitate
455 2011 582 2078 dicendi
605 2011 755 2078 cohaeret
778 2012 874 2079 etiam
890 2011 1105 2078 membrorum
1129 2032 1181 2078 oo·

108 2117 328 2203 pulandorum
351 2139 453 2202 genus
475 2118 554 2183 illud
576 2121 905 2203 parataetioum,
937 2120 1063 2203 dequo
1088 2141 1180 2185 aecu-

108 2226 216 2290 ratius
241 2224 391 2292 disseruit
413 2223 450 2290 O.
467 2225 524 2291 Fr.
540 2225 708 2291 Hermann
722 2225 788 2290 ind.
806 2225 906 2290 schol.
930 2227 1014 2291 univ.
1032 2222 1180 2308 Gotting.

110 2339 196 2398 aest.
212 2353 241 2397 a.
260 2335 354 2397 1850.
372 2331 444 2398 dico
460 2332 553 2397 huius
566 2333 654 2398 modi
670 2332 827 2414 exempla:
846 2338 876 2415 6,
892 2335 931 2396 12
948 2328 1038 2408 εὐδία,
1053 2333 1181 2420 γαλήνη·

109 2450 177 2513 ταῖς
200 2443 314 2511 κώπαις
341 2441 474 2504 πλέουσι·
503 2442 581 2503 κατὰ
611 2448 680 2504 ναῦν
707 2437 829 2526 ἄνεμος·
857 2435 969 2525 ἐπῆραν
997 2442 1033 2502 τὰ
1060 2437 1181 2525 ἄρμενα.

112 2567 309 2631 quamquam
331 2546 365 2611 in
387 2567 426 2613 eo
450 2547 566 2612 erravit
585 2546 632 2611 vir
647 2546 773 2630 doctus,
798 2545 883 2631 quod
906 2545 1020 2610 horum
1036 2545 1182 2629 protasin

111 2652 295 2720 membrum
321 2653 584 2736 interrogativum
612 2673 681 2719 esse
710 2653 845 2737 putavit.
879 2653 976 2718 immo
1002 2651 1182 2736 posteriore

110 2762 296 2826 litterarum
323 2757 524 2826 Graecarum
552 2781 630 2826 aevo
659 2760 750 2826 stilus
776 2765 942 2843 tamquam
971 2759 1013 2825 ad
1042 2759 1182 2844 syntaxis

111 2866 294 2952 primordia
316 2889 461 2934 reversus
484 2868 566 2933 hanc
591 2866 764 2934 adfectavit
787 2867 1033 2951 simplicitatem,
1057 2872 1094 2931 ut
1118 2864 1182 2932 duo

17 2981 18 3060 ζ
112 2973 261 3040 membra
275 2979 439 3058 tamquam
456 2975 622 3041 enuntiata
636 2975 789 3059 primaria
803 2975 893 3040 iuxta
906 2978 1043 3058 poneret
1057 2972 1183 3039 ratione

112 3082 224 3165 logica
246 3103 310 3165 qua
331 3081 387 3147 illa
407 3082 492 3147 inter
515 3103 550 3147 se
573 3080 797 3165 coniungenda
820 3087 926 3148 essent
945 3102 1010 3147 non
1031 3079 1182 3145 indicata.

114 3189 248 3272 negatio
275 3189 373 3273 igitur
400 3194 450 3254 est
472 3185 527 3252 οὐκ
549 3194 586 3254 ut
608 3189 642 3254 in
673 3189 839 3255 enuntiato
866 3189 1032 3273 primario:
1061 3184 1183 3262 ἐκποιεῖ,

115 3305 244 3383 χρῆσαι·
267 3291 323 3360 οὒκ
344 3292 463 3372 ἐκποιεῖ,
487 3304 596 3359 παῖσαι
619 3299 674 3378 41,
690 3301 721 3363 8.
755 3295 819 3362 sive
841 3296 939 3381 igitur
953 3294 1088 3361 membri
1111 3315 1184 3360 oon-

116 3402 287 3469 dicionalis
309 3402 393 3468 vices
417 3402 523 3487 explet
546 3403 634 3486 prius
657 3403 867 3486 enuntiatum,
898 3403 963 3469 sive
988 3400 1183 3484 temporalis,

115 3511 273 3594 temporis
303 3511 393 3578 notio
426 3511 475 3576 vel
508 3511 704 3577 condicionis
732 3509 877 3577 adfertur
907 3515 1015 3576 mente
1043 3509 1184 3576 lectoris.

117 3623 154 3684 et
185 3639 293 3683 veram
324 3638 394 3683 esse
424 3618 507 3684 hano
540 3619 835 3702 interpretationem
866 3618 935 3701 ipse
968 3616 1062 3682 Telos
1095 3621 1186 3682 extra

117 3723 356 3792 dubitationem
374 3725 466 3808 ponit
489 3725 534 3789 eis
558 3746 640 3808 quae
664 3747 703 3791 ex
725 3745 789 3790 uno
806 3725 980 3808 eodemque
1003 3725 1093 3790 fonte
1109 3721 1185 3788 Ora·

116 3836 209 3898 teteo
224 3831 330 3897 Bione
352 3836 389 3897 ut
403 3831 529 3897 Hensio
552 3832 677 3897 videtur
692 3838 825 3898 auctore
849 3831 1001 3898 derivavit
1022 3853 1054 3914 p.
1073 3832 1125 3913 31,
1144 3833 1185 3893 14

118 3945 154 4006 et
165 3962 195 4024 p.
213 3945 254 4006 38
270 3961 318 4023 sq.
341 3940 535 4025 respondent
559 3944 666 4006 autem
681 3941 765 4005 inter
780 3960 814 4005 se
830 3936 942 4026 ἔφηβος
953 3942 1065 4020 γέγονεν
1077 3941 1129 4020 38,
1145 3940 1184 4000 15

119 4054 155 4112 et
177 4045 288 4134 ἔφηβος
312 4048 344 4111 δὲ
366 4052 519 4132 γενόμενος
537 4051 588 4130 31,
608 4050 659 4130 14,
682 4047 759 4112 item
775 4045 849 4133 ἀνὴρ
872 4050 972 4128 γέγονε
987 4047 1039 4107 καὶ
1061 4042 1186 4129 ἀκμάζει

120 4157 211 4236 39,6
236 4159 269 4218 et
290 4151 360 4218 ὅταν
384 4154 416 4217 δὲ
440 4151 582 4239 ἀνδρωθῇ
607 4157 658 4234 31,
678 4157 730 4220 15.
764 4158 801 4216 ut
824 4173 887 4236 qua
910 4152 1035 4216 ratione
1064 4148 1186 4215 intelle·

120 4259 226 4344 genda
249 4259 311 4326 sint
326 4259 381 4325 illa
396 4259 508 4349 ἔφηβος
526 4265 641 4342 γέγονεν
657 4266 690 4326 et
705 4259 780 4346 ἀνὴρ
795 4263 893 4341 γέγονε
909 4257 1030 4341 similia,
1055 4255 1186 4322 dubium

120 4386 192 4434 esse
214 4389 280 4432 non
301 4368 412 4451 possit,
436 4388 508 4432 eum
530 4367 719 4452 praesertim
738 4365 882 4432 variandi
905 4364 1008 4452 gratia
1031 4364 1185 4448 seriptum
