2996 5086
728 613 945 675 „54-

302 805 341 870 cl.
358 808 413 889 40,
427 809 456 870 2.
487 803 635 870 Alexidis
657 804 767 870 fabula
788 803 944 887 inscripta
967 808 1038 868 erat
1053 802 1204 890 Ποιήτρια.
1233 802 1377 867 recurrit

302 913 389 994 apud
412 912 626 996 posteriores,
651 912 691 976 cf.
716 908 848 976 Schmid
870 910 891 977 l.
916 933 944 974 c.
967 910 985 974 Ι
1008 933 1040 994 p.
1065 913 1140 974 371.
1173 909 1259 991 apud
1281 909 1375 974 Plut.

300 1014 387 1086 Hell.
412 1041 443 1102 p.
463 1023 526 1084 300
549 1017 578 1082 F
603 1023 651 1084 cst
674 1024 811 1106 ποιήτρια
834 1018 940 1104 μελῶν,
965 1015 1052 1099 quod
1076 1015 1152 1081 addi
1173 1021 1304 1099 poterat
1325 1016 1377 1081 in-

302 1126 364 1191 dici
380 1125 632 1210 Wyttenbechii.

369 1230 425 1318 ῥοοί
449 1233 485 1318 (ί.
502 1229 558 1317 ῥόα
581 1232 707 1318 Hense)
731 1231 810 1298 dixit
833 1231 927 1297 Teles
950 1235 1005 1314 42,
1024 1235 1054 1313 5,
1077 1252 1143 1296 non
1166 1227 1240 1316 ῥοιά.

371 1336 498 1424 ῥυπαρία
523 1338 627 1425 (24,5
657 1335 693 1402 δι’
717 1337 924 1422 ἀνελευθερίαν
946 1341 998 1401 καί
1020 1334 1163 1423 ῥυπαρίαν
1187 1341 1297 1419 27,11
1323 1337 1377 1402 διὰ

302 1443 444 1531 ῥυπαρίαν
471 1449 521 1509 καί
551 1445 674 1531 δειλίαν)
698 1445 728 1509 vi
755 1445 913 1511 translata
940 1451 990 1511 est
1019 1445 1248 1528 recentiorum,
1272 1445 1375 1526 Plut,

302 1552 401 1620 Dion.
419 1551 509 1620 Oass.

368 1661 490 1734 οκυτείνς
507 1663 614 1742 35,10
640 1659 721 1725 dixit
736 1659 832 1725 Telos
856 1664 889 1725 et
912 1668 1043 1723 οαυτεῐυν
1060 1662 1113 1742 35,
1131 1662 1161 1742 5,
1185 1679 1250 1723 non
1265 1679 1376 1722 σαυτο-

303 1771 392 1853 τόρος
415 1771 448 1830 et
471 1776 683 1852 σκυτοτομεῖον.
719 1765 758 1830 cf.
775 1765 899 1831 Moeris
921 1787 953 1848 p.
971 1769 1047 1845 209,
1065 1768 1106 1831 25
1130 1764 1233 1830 Bckk.

371 1875 551 1956 στενοχωρία
575 1872 645 1957 (46,
669 1876 709 1937 13
738 1870 971 1958 ἐνοτενοχωρίορ
994 1875 1045 1936 καί
1068 1870 1191 1958 ἀπορία)
1216 1872 1247 1936 vi
1269 1875 1375 1937 trans-

303 1978 370 2044 lato
393 1978 480 2062 apud
505 1979 644 2062 optimos
669 1979 843 2062 scriptores
866 1979 918 2043 vix
939 1979 1113 2063 reperitur,
1141 1979 1260 2062 legitur
1286 1979 1376 2063 apud

303 2085 509 2169 posteriores,
533 2085 660 2171 Polyb.,
683 2085 783 2169 Plut,
806 2085 905 2151 Dion.
922 2083 1048 2171 Chrys,
1071 2086 1178 2169 Epict.

371 2190 537 2276 ὑδρωπτκός
560 2198 593 2257 et
615 2189 716 2279 ῥδρωψ
725 2193 751 2280 1)
774 2193 874 2276 (29,2
899 2192 928 2256 εἴ
945 2216 987 2266 τις
1010 2196 1059 2258 τὸν
1081 2191 1245 2279 δδρουπυοδν
1264 2195 1375 2277 βουλό-

304 2321 392 2385 μενος
414 2307 525 2362 παῠοατ
547 2308 598 2363 τοῦ
622 2299 732 2386 δίψους,
756 2304 804 2365 τὸν
827 2305 879 2387 μὲν
894 2298 1017 2385 ὕδρωπα
1032 2306 1074 2389 μὴ
1090 2301 1265 2387 θεραπευοτ)
1290 2323 1374 2367 com-

303 2409 420 2488 parent
442 2403 516 2469 inde
540 2403 580 2469 ab
596 2403 786 2473 Aristotele.
820 2407 933 2473 comici
956 2428 1082 2473 versum
1100 2407 1256 2473 odoratur
1269 2407 1372 2473 Wila·

304 2511 427 2575 mowitz
450 2511 483 2575 in
505 2510 609 2576 verbis
633 2512 774 2578 auctoris
796 2534 828 2581 π.
850 2509 897 2600 bb.
920 2535 952 2596 p.
977 2517 1088 2596 13,10
1112 2513 1162 2581 ed.
1178 2513 1272 2582 Iabn.
1289 2511 1374 2579 οὐδὲν

304 2621 361 2701 γάρ
385 2639 457 2704 φασι
482 2617 636 2704 ξηρότερον
659 2615 834 2703 ὑδρωπικοῦ,

373 2720 495 2807 direpti<
518 2723 587 2810 (32,
611 2728 651 2788 13
675 2729 745 2789 ποία
768 2729 930 2813 χρημάτων
952 2722 1075 2811 ὕπαρξις
1100 2729 1151 2804 15,
1174 2730 1193 2790 6
1221 2730 1300 2803 κατὰ
1323 2732 1375 2816 τὴν

304 2840 360 2894 τῶν
383 2831 521 2893 combros
537 2826 670 2918 ὕπαρξιν)
695 2837 744 2896 est
766 2832 983 2916 posteriorum
997 2854 1070 2916 vox,
1095 2853 1231 2917 quorum
1246 2831 1376 2900 Aristo·

304 2937 400 3003 telem
423 2937 595 3022 Polybium
618 2938 744 3005 adferre
768 2940 845 3005 satis
868 2938 983 3006 habeo.

372 3051 466 3133 φυστή
496 3046 601 3128 (4,12
631 3047 738 3130 γροζιδτα
768 3051 878 3136 poci-bv
908 3049 1051 3136 φαγόντα)
1081 3044 1186 3131 ‘ponis
1215 3046 1375 3132 plebeius’

304 3155 411 3238 μᾶζα;
428 3151 597 3237 Aristoph.
614 3175 699 3238 vesp.
718 3158 782 3220 610
798 3154 914 3238 Μυίας
931 3153 969 3221 cf.
983 3154 1163 3222 Herodian.
1179 3155 1199 3220 I
1213 3178 1245 3239 p.
1263 3159 1340 3239 344,
1356 3162 1373 3221 7

303 3259 427 3340 Lentu,
456 3258 578 3324 Athen.
595 3260 652 3325 ΙΠ
678 3263 741 3325 114
756 3261 778 3326 f.
809 3261 928 3345 legitur
950 3261 1142 3345 aliquotiens
1165 3262 1253 3346 apud
1276 3264 1374 3328 comi·

305 3388 370 3449 cos,
387 3365 426 3431 cl.
443 3365 557 3432 Iacobi
572 3366 637 3434 ind.
654 3388 735 3432 com.
769 3371 874 3453 μᾶζαν,
891 3368 977 3453 quod
992 3370 1097 3452 ipsum
1113 3391 1242 3453 quoque
1255 3370 1374 3454 legitur

306 3477 357 3556 30,
373 3477 423 3555 10,
437 3473 479 3538 ad
491 3471 684 3558 Cynicorum
696 3475 813 3540 rictum
824 3477 985 3559 pertinere
998 3484 1111 3542 notum
1122 3482 1182 3560 est,
1196 3477 1236 3542 cf.
1248 3477 1373 3543 Weber

303 3582 324 3650 l.
342 3604 369 3648 ο.
386 3605 418 3666 ρ.
438 3586 500 3647 106
516 3582 590 3650 adn.
609 3586 638 3666 1,
661 3604 693 3666 p.
713 3588 775 3647 137
800 3582 874 3649 adu.
892 3589 922 3650 2.

370 3689 516 3754 Transeo
540 3689 582 3754 ad
605 3689 772 3759 adiectivs.

371 3797 541 3882 ἀβάσκανος
564 3801 618 3881 42,
645 3802 696 3863 14.
735 3799 927 3865 adiectivum
949 3799 1067 3884 legitur
1090 3801 1186 3867 etium
1209 3801 1296 3884 apud
1320 3801 1372 3867 Io·

305 3967 514 3977 ——--·

378 4082 399 4152 ¹)
418 4081 474 4136 Pro
490 4079 579 4154 ὕδρωψ
593 4082 708 4137 adhibet
719 4086 817 4138 auctor
828 4086 964 4138 tractatus
978 4103 1003 4138 π.
1019 4102 1109 4156 consp.
1123 4081 1238 4137 πλούτου
1252 4085 1296 4136 καί
1309 4083 1371 4156 ἀρε-

302 4177 352 4242 τῆς
372 4171 462 4238 (Stob.
475 4171 535 4226 flor.
548 4191 574 4226 v.
588 4171 635 4225 III
653 4190 681 4240 p.
696 4173 755 4239 187,
771 4174 804 4226 12
817 4171 916 4242 Mein.)
935 4171 956 4245 ἡ
974 4180 1025 4225 τῶν
1045 4171 1205 4244 ὑδεριὼντων
1221 4171 1306 4235 νότος.
1330 4177 1371 4228 est

304 4259 396 4331 ὑδεριῶ
413 4265 506 4315 autem
524 4261 639 4315 verbum
656 4261 850 4327 recentiorum,
868 4262 944 4316 velut
963 4263 1140 4330 Dioscuridis,
1160 4262 1293 4316 Aristidis
1312 4281 1370 4316 ora·

304 4347 380 4415 toris,
400 4348 521 4415 Aeliani,
541 4348 575 4403 cf.
589 4349 704 4404 Schmid
721 4351 740 4404 l.
753 4369 777 4405 c.
790 4349 822 4404 Π
840 4368 868 4419 p.
881 4352 943 4404 225.
