2996 5086
772 601 992 660 ..33-

348 791 499 859 aTclete
523 813 697 876 anonymus
719 791 773 856 ille
796 794 861 874 περὶ
884 795 1062 875 emptam<
1084 790 1213 853 πλοδτοο
1236 792 1290 852 ναὶ
1312 787 1418 874 ἀρετῆς

347 899 447 966 libelli
469 903 593 964 auctor.
628 897 709 963 dixit
731 899 792 962 σὺν
814 895 893 982 αὐτῷ
917 894 944 961 δ’
966 895 1088 960 ἐδόνοον
1111 895 1303 960 ἀπόλλυσθαι
1324 893 1416 960 Stob.

348 1005 419 1072 flor.
436 1005 496 1072 vol.
512 1005 568 1071 III
587 1029 618 1091 p.
639 1009 712 1088 178,
733 1010 773 1070 16
789 1005 890 1070 Mein.
906 1005 974 1088 ipse
990 1003 1086 1069 'Peles
1109 1005 1159 1068 οὑν
1175 1004 1417 1087 praepositione

352 1134 416 1178 non
439 1113 542 1178 utitur
564 1114 625 1178 nisi
647 1114 681 1178 in
703 1112 808 1178 verbis
831 1110 1028 1194 compositis.

416 1218 477 1284 &art
491 1241 557 1285 non
572 1218 672 1284 habet
683 1219 779 1284 Teles
796 1218 857 1282 nisi
872 1218 905 1282 in
920 1216 1024 1282 verbis
1040 1217 1238 1300 compositis,
1256 1219 1336 1282 item
1351 1216 1416 1281 ἀνά.

416 1331 474 1410 πρό
496 1347 563 1391 non
584 1327 702 1410 legitur
724 1325 810 1408 apud
829 1324 974 1390 Teletem
996 1324 1057 1389 nisi
1078 1324 1134 1389 ubi
1157 1326 1314 1408 temporis
1337 1325 1416 1391 noti-

351 1455 445 1498 onem
467 1432 591 1498 indicat
612 1435 664 1496 ναὶ
685 1435 743 1516 πρὸ
766 1440 816 1495 τοῦ
842 1434 893 1513 17,
918 1436 938 1495 8
962 1428 1060 1514 ὥσπερ
1083 1435 1141 1514 πρὸ
1164 1440 1214 1494 τοῦ
1240 1436 1294 1515 31,
1319 1437 1338 1496 2
1361 1435 1416 1517 πρὸ

350 1548 401 1604 τοῦ
423 1540 593 1627 τελευτῆσαι
615 1542 740 1622 45,13.

416 1645 503 1711 ἕνενα
534 1652 566 1712 et
594 1647 656 1713 hac
683 1646 812 1731 quidem
841 1645 911 1712 sola
938 1644 1042 1712 forma
1068 1645 1166 1711 semel
1189 1651 1298 1712 exstat
1320 1649 1417 1710 cebron

349 1759 406 1839 γὰρ
429 1753 515 1819 ἕνεκα
537 1756 661 1838 44,14.

417 1859 477 1926 ἀπό
502 1861 644 1928 occurrit
667 1860 764 1926 semel
779 1860 823 1944 (in
838 1859 974 1925 formula
989 1857 1044 1925 oba
1059 1858 1118 1924 ἀπὸ
1134 1864 1242 1946 τρόπου
1256 1909 1263 1923 .
1279 1909 1288 1925 .
1304 1910 1311 1924 .
1328 1862 1416 1942 λέχεα

352 1974 404 2052 37,
422 1970 456 2053 8)
471 1969 557 2052 apud
572 1967 729 2050 Teletem,
753 1972 867 2034 contra
882 1968 985 2032 sexies
1008 1966 1094 2052 apud
1118 1988 1312 2053 anonymum
1332 1968 1415 2033 illum

350 2077 448 2143 modo
471 2082 694 2142 memoratum.

417 2181 453 2247 ἐν
473 2181 722 2267 praepositionis
745 2201 821 2247 usus
845 2181 1027 2247 continetur
1048 2181 1135 2247 intra
1157 2180 1348 2248 Atticorum
1372 2182 1415 2246 di·

351 2290 444 2356 cendi
467 2289 739 2356 consuetudinem.
775 2288 920 2372 exempla
946 2288 980 2353 in
1001 2287 1107 2354 indice
1130 2309 1199 2357 voe.
1220 2289 1358 2355 collecta
1378 2311 1416 2354 ne

350 2398 467 2462 iterum
483 2396 670 2479 exscribam,
686 2396 745 2462 has
761 2417 975 2462 commemoro
990 2395 1143 2462 formulas
1154 2393 1190 2459 ἐν
1202 2396 1320 2459 παιδὶοο
1338 2399 1414 2476 19,6

352 2500 382 2576 ἐξ
405 2501 539 2590 ἀνάγκης
563 2506 654 2586 30,4
677 2502 732 2589 (cf.
750 2499 953 2568 Schoemann
977 2503 1018 2568 ad
1041 2502 1171 2568 Isaeum
1194 2525 1224 2586 p.
1249 2503 1329 2589 212)
1352 2497 1416 2566 &Jn’

352 2607 387 2674 ἐκ
416 2620 472 2674 τῶν
502 2607 635 2675 ἐναντίων
664 2612 719 2692 44,
742 2614 772 2674 3.
807 2609 905 2675 verba
934 2607 965 2682 ἐξ
995 2607 1112 2697 ἐφήβων
1141 2607 1202 2673 ἐστί
1233 2615 1323 2692 33,2
1355 2631 1414 2693 quo

351 2715 447 2782 modo
470 2716 687 2800 intellegenda
708 2717 772 2782 sint
794 2717 955 2783 indicatur
977 2715 1026 2782 his
1050 2737 1132 2800 quae
1153 2716 1354 2783 subiciuntur
1369 2720 1415 2781 ναὶ

351 2822 412 2911 ἤδη
435 2823 542 2888 εἴκοσιν
566 2821 646 2888 ἐτῶν.
678 2844 781 2907 nequo
805 2823 977 2890 obscurum
1001 2830 1050 2890 est
1071 2823 1149 2890 illud
1171 2828 1263 2911 πένης
1285 2821 1317 2898 ἐξ
1334 2823 1415 2889 εὐπό-

350 2951 403 3014 poo
426 2933 481 3014 40,
498 2935 529 3011 6,
554 2931 807 2997 subaudiendum
832 2930 919 3015 quod
941 2932 1107 3016 praecedit
1129 2936 1261 3013 γέγονας.

416 3033 458 3109 εἰς
481 3038 667 3123 (numquam
690 3035 736 3125 ἐς)
760 3038 812 3103 vix
833 3040 937 3104 minus
961 3059 1057 3122 saepe
1079 3037 1250 3104 adhibetur
1272 3039 1305 3104 in
1330 3039 1414 3104 'Pele-

349 3144 410 3210 teis
434 3166 530 3228 quam
552 3142 588 3208 ἐν
611 3165 670 3210 nec
692 3144 758 3211 lere
781 3146 978 3228 exquisitius,
1002 3146 1073 3211 vide
1095 3145 1161 3211 ind.
1178 3167 1247 3213 voc.
1267 3146 1356 3211 velut
1377 3166 1411 3209 nc

349 3251 410 3317 hae
441 3251 569 3334 quidem
598 3251 779 3318 locutiones
810 3253 942 3318 δαπανᾶν
969 3253 1011 3326 εἴς
1038 3276 1063 3316 τι
1088 3256 1177 3336 35,8
1205 3262 1300 3317 πονεῖν
1329 3254 1371 3326 εἴς
1391 3275 1414 3314 τι

351 3357 392 3424 ab
416 3356 538 3425 Atticis
568 3359 691 3426 alienae
715 3366 790 3425 sunt
813 3358 866 3443 (cf.
887 3359 976 3425 Xen.
996 3381 1123 3444 apomn.
1145 3360 1183 3424 Π
1209 3363 1237 3442 l,
1259 3364 1300 3424 19
1325 3361 1411 3425 Hier.

351 3465 466 3553 11,1).
500 3466 604 3532 minus
628 3466 781 3533 concinne
805 3466 922 3550 legitur
945 3471 997 3550 34,
1016 3472 1035 3531 2
1061 3464 1081 3554 ἡ
1108 3469 1192 3531 πενία
1214 3469 1323 3531 solta
1346 3470 1412 3551 πρὸς

349 3574 381 3636 τὸ
412 3573 594 3661 φιλοσοφεῖν,
625 3571 641 3638 ὁ
672 3575 704 3637 δὲ
732 3575 859 3647 πλοῦτος
886 3571 928 3645 εἰς
956 3583 1046 3637 ταῦτα
1069 3580 1230 3661 χρήσιμον,
1261 3574 1318 3640 sed
1347 3572 1411 3638 vide

350 3700 432 3762 quae
455 3680 662 3746 coniecerrmt
688 3681 833 3746 homines
857 3680 955 3747 docti.
990 3681 1158 3746 formulam
1183 3678 1234 3754 εἰς
1261 3677 1409 3769 ὕστερον,

350 3805 432 3870 quae
460 3786 580 3870 legitur
606 3792 661 3872 47,
679 3793 713 3871 6,
744 3809 851 3854 raram
880 3808 949 3854 esse
976 3789 1009 3853 in
1037 3787 1246 3872 scriptoribus
1273 3787 1409 3872 probatis

351 3891 531 3960 observavit
553 3894 705 3979 Kruegor
728 3900 780 3977 66,
800 3898 829 3979 l,
845 3899 877 3960 4.

416 4001 465 4064 διά
496 4002 769 4085 praepositionem
799 4024 866 4068 non
892 4001 992 4068 habet
1018 4002 1079 4067 nisi
1105 4002 1249 4067 iunctam
1273 4023 1346 4067 cum
1367 4021 1409 4067 ac·

349 4108 501 4173 cusativo.
536 4109 607 4174 vide
630 4108 696 4174 ind.
712 4129 783 4175 voc.
801 4109 886 4194 quod
908 4110 1025 4193 legitur
1054 4109 1103 4173 διὰ
1125 4105 1204 4173 ταῦτ’
1227 4105 1303 4174 αὐτά
1327 4108 1406 4190 34,5

349 4236 409 4298 pro
427 4213 497 4281 solo
513 4213 592 4280 ταῦτ’
608 4212 683 4281 αὐτά
700 4216 754 4302 (cf.
770 4216 893 4302 Krueg.
910 4221 964 4300 46,
983 4222 1012 4301 3,
1029 4218 1066 4303 4)
1081 4216 1114 4282 id
1130 4238 1195 4282 non
1219 4219 1334 4283 mirum
1357 4219 1406 4294 est,

348 4342 424 4386 nam
445 4322 609 4408 praecedit
630 4323 674 4390 ib.
698 4327 716 4388 3
744 4320 781 4388 δι’
808 4320 944 4410 abreptae
971 4321 991 4411 ἢ
1020 4320 1057 4388 δι’
1081 4322 1202 4390 ἔνδειαν.
1238 4325 1295 4392 sed
1318 4318 1404 4392 semel
1477 4305 1478 4376 l
