2996 5086
514 633 731 693 ,21-

162 819 245 895 οὑτος
267 844 443 906 pronomen
472 823 519 888 ita
541 821 607 888 fere
630 821 761 887 adhibet
784 822 878 887 Teles
907 827 943 887 ut
968 821 1008 886 ab
1033 821 1159 886 Attico-

97 951 165 995 rum
187 951 300 995 norma
321 951 386 995 non
409 928 551 994 recedat.
588 949 692 1011 neque
716 929 800 993 enim
823 928 900 993 talia
923 926 1002 992 ἀλλὰ
1017 932 1101 992 τοῦτό
1116 951 1158 1009 γε,

97 1034 248 1124 εὑρεθῆναι
277 1041 329 1124 τὴν
356 1037 482 1120 πατρίδα
510 1038 672 1123 μοχθηρὰν
699 1039 751 1099 καὶ
777 1034 937 1121 ἀχάριστον
964 1031 1069 1112 οὑσαν,
1096 1047 1159 1108 πῶς

97 1139 148 1206 οὑκ
170 1142 348 1231 ἀκλήρημας
375 1146 492 1226 18,12,
517 1142 567 1208 vel
588 1142 668 1208 haec
691 1142 869 1207 ἐπυνθάνετο
892 1139 916 1205 εἰ
940 1142 989 1205 διὰ
1006 1150 1090 1206 τοῦτο
1105 1138 1159 1206 οὑκ

98 1249 198 1334 ἀριστᾷ
220 1247 263 1313 ὑτι
286 1247 306 1337 ἡ
330 1248 406 1334 ὅρνις
430 1247 574 1313 ἐπιπτᾰσα
597 1249 760 1335 καταβάλοι
788 1252 838 1331 13,
858 1253 897 1314 10
925 1247 1046 1314 habent
1074 1249 1158 1332 quic-

96 1379 186 1440 quam
208 1356 328 1422 insoliti
352 1355 406 1442 (of.
427 1355 551 1441 Krueg.
575 1359 626 1435 51,
646 1361 674 1439 7,
694 1355 737 1443 3),
762 1377 834 1420 cum
856 1355 1044 1439 praesertim
1066 1377 1158 1439 prae-

96 1463 185 1529 cedat
200 1463 298 1529 modo
323 1460 364 1534 ὡς
387 1461 407 1551 ἡ
431 1461 507 1546 ὄρνις
530 1460 682 1550 ἡγενναία
705 1460 850 1526 ἐπιπτᾶσα
873 1463 1017 1546 κατέβαλε
1041 1465 1088 1527 τὸν
1111 1467 1159 1527 πί-

94 1593 166 1636 νακα
182 1575 232 1654 13,
250 1576 278 1635 7.
302 1567 400 1634 οὑτοσί
414 1575 529 1653 quater
544 1570 671 1654 legitur,
693 1569 764 1634 vide
783 1569 848 1635 ind.
865 1568 1157 1655 vocab.,ve1quin-

95 1679 195 1762 quies3
211 1699 287 1744 uam
302 1681 382 1743 ταοτὶ
398 1676 497 1743 suasit
511 1676 607 1742 Blass
623 1680 674 1759 13,
689 1681 719 1741 2.
745 1676 843 1742 dictio
855 1679 906 1740 καὶ
922 1672 1006 1748 οὗτος
1018 1675 1157 1762 (Krueg.

96 1789 189 1869 51,7,
210 1787 264 1871 13)
292 1789 398 1850 exstat
422 1788 513 1868 30,4
536 1781 675 1871 ὑπόδημα
698 1782 786 1870 ἔχειν,
810 1787 966 1848 καὶτοῦτο
990 1782 1157 1849 ἀκάττοτον.

156 1892 188 1957 in
213 1893 338 1978 syntaxi
359 1892 557 1976 pronominis
585 1888 696 1963 ἐκεῖνος
720 1890 891 1977 (nusquam
913 1891 1030 1973 legitur
1052 1901 1156 1967 κεῖνος,

94 1998 132 2064 cf.
144 1998 382 2065 Meisterhaus²
397 2020 427 2082 p.
444 2003 517 2082 122,
532 1999 566 2084 7)
582 1998 660 2063 nihil
675 1998 802 2082 repperi
818 1997 905 2080 quod
920 1998 1157 2064 consuetudinis

93 2105 223 2173 Atticae
246 2105 326 2172 fines
351 2104 543 2190 egrediatur.
577 2106 648 2171 vide
667 2105 731 2170 iud.
747 2126 816 2172 voc.

155 2214 322 2280 relativum
346 2218 396 2278 est
418 2212 596 2278 subiectum
619 2212 755 2297 genetivi
782 2212 921 2278 absoluti
949 2211 1007 2298 (cf.
1030 2211 1155 2296 Krueg.

95 2325 145 2402 51,
161 2324 192 2404 9,
211 2320 251 2408 2)
275 2317 314 2384 ὧν
336 2323 393 2403 γάρ
416 2317 603 2405 ὑπαρξάντων
625 2318 778 2403 ἅνθρωποι
801 2320 956 2384 λυποῦνται
980 2322 1034 2403 43,
1049 2323 1078 2383 5.
1109 2340 1157 2384 re·

92 2427 176 2492 latici
199 2427 392 2493 attractione
415 2426 463 2491 vel
486 2427 595 2509 potius
619 2427 845 2492 assimilatione
865 2427 960 2492 Teles
984 2427 1086 2491 utitur
1109 2426 1157 2492 bis

95 2537 198 2617 32,19
224 2532 436 2615 ἀναγκάζονται
458 2535 557 2598 πολλά
579 2531 619 2599 ιὺν
643 2531 677 2598 οὑ
699 2517 851 2620 βοὺλονται
870 2538 923 2617 35,
939 2537 978 2598 13
995 2534 1085 2597 πλείω
1101 2539 1157 2618 γὰρ

95 2639 152 2726 ὁρῶ
175 2665 223 2706 σοι
242 2639 411 2728 ὑπάρχοντα
428 2690 434 2704 .
451 2690 458 2704 .
475 2690 481 2704 .
498 2639 537 2706 ὧν
559 2640 683 2728 ἔγραψεν
698 2639 920 2729 Ἀριστοτέλης
944 2641 1078 2707 eandem
1101 2662 1158 2705 cur

94 2750 254 2833 respuerit
277 2754 329 2831 26,
346 2753 386 2813 12
410 2752 591 2822 οπανίζοοοιν
615 2746 692 2813 οὑτοι
707 2750 814 2813 τοὺτων
830 2749 850 2812 ἃ
865 2748 977 2835 ἔχουσι,
1000 2747 1093 2814 facilc
1109 2753 1158 2813 est

92 2856 255 2922 intellectu
311 2855 421 2921 durius
446 2856 528 2920 euim
551 2876 621 2921 sese
644 2857 843 2938 excepissent
872 2852 949 2918 οὑτοι
977 2852 1016 2919 ὧν
1044 2854 1157 2941 έχουσι,

91 2986 171 3030 uuuc
203 2969 237 3030 et
264 2963 461 3030 commodius
488 2963 632 3047 loquitur
659 2963 754 3028 Telos
783 2968 815 3028 et
841 2963 938 3046 paulo
969 2963 1156 3048 elegantius

91 3072 116 3135 si
138 3077 247 3136 tamen
272 3071 475 3136 occasionem
497 3077 611 3136 nectus
628 3075 678 3135 est
702 3069 843 3136 eiusdem
859 3070 1057 3152 pronominis
1073 3066 1157 3141 οὑτος

91 3178 169 3244 duas
193 3178 334 3243 diversas
357 3176 477 3243 formas
501 3177 714 3261 coniungendi
736 3197 823 3242 more
840 3174 1052 3242 Graecorum.
1086 3175 1157 3242 sub-

91 3285 283 3352 audiendum
308 3290 358 3350 est
380 3281 458 3348 οὑτοι
480 3285 513 3350 in
535 3284 583 3349 his
608 3288 660 3367 21,
679 3290 696 3348 7
727 3281 754 3347 οἱ
777 3287 829 3369 μὲν
852 3287 908 3368 γὰρ
933 3286 1089 3372 στρατηγοί
1111 3280 1157 3371 ἐφ’

90 3390 132 3464 οίς
153 3393 397 3469 καλλωπίζονται,
421 3389 567 3476 ὑπερόρια
590 3395 769 3478 τεθαμμένοι
792 3387 856 3454 εἰσί.

156 3499 339 3584 pronomini
363 3498 615 3565 demonstrativo
636 3507 773 3570 τοσοῦτος
795 3497 968 3582 respondet
991 3497 1156 3563 relativum

91 3603 123 3678 ὑς
146 3611 237 3689 am
263 3605 340 3694 ἔχειν
367 3610 477 3694 τροφὴν
504 3603 524 3692 ἢ
548 3607 680 3692 τοιαὺτην
703 3603 795 3692 ἔχειν,
823 3602 861 3691 ἧς
889 3601 923 3668 οὑ
951 3609 991 3692 μὴ
1020 3606 1158 3692 γεὺοηται

92 3713 228 3797 (Krucg.
248 3716 301 3795 51,
316 3717 367 3796 13,
382 3713 448 3799 16),
472 3712 561 3796 quod
584 3714 680 3778 etiam
702 3713 803 3795 magis
827 3717 1076 3778 consentaneum
1098 3718 1156 3794 est,

92 3819 144 3884 ubi
168 3821 233 3886 duo
257 3819 455 3903 praecedunt
478 3819 730 3884 demonstrativa
753 3818 892 3883 diversa:
918 3822 955 3882 31
961 3867 970 3901 ,
990 3822 1029 3883 12
1054 3819 1157 3882 τοσοὺ-

91 3949 144 3992 των
169 3930 221 3990 καὶ
243 3928 377 3991 τοιοὺτων
400 3924 431 3999 ἐξ
454 3924 494 3991 ὧν
510 3975 517 3989 .
534 3974 564 3989 ..
587 3925 676 3989 ἔσται.

156 4032 191 4106 ὅς
213 4033 300 4100 haud
322 4056 397 4099 raro
420 4041 530 4117 partes
553 4033 715 4117 suscipere
737 4034 934 4117 pronominis
950 4031 1029 4105 ὅστις
1044 4039 1157 4099 uotum

91 4147 139 4206 est
163 4139 219 4226 (cf.
238 4144 346 4224 34,12
368 4143 542 4225 πορίζεσθαι
564 4137 604 4204 ὧν
627 4137 662 4204 ἀν
685 4137 826 4227 ἐπιθυμῇ,
850 4139 976 4224 Krueg.
1000 4143 1053 4222 51,
1066 4146 1096 4221 8,
1110 4140 1156 4225 4).

90 4249 193 4312 rarius
209 4248 327 4313 accidit
342 4253 379 4312 ut
391 4245 468 4320 ὅστις
483 4252 623 4332 ponatur
635 4246 689 4311 ubi
703 4252 906 4332 exspectetur
917 4245 958 4320 ὃς.
982 4247 1027 4312 sic
1039 4248 1157 4331 legitur

89 4351 146 4430 ἕως
162 4351 230 4420 ὑτοο
244 4359 296 4436 27,
311 4359 341 4438 6,
357 4354 428 4424 vide
440 4353 565 4439 Krueg.
582 4358 634 4437 51,
646 4358 677 4436 8,
692 4357 710 4416 3
725 4359 757 4418 et
773 4354 858 4440 quod
870 4354 1050 4421 monebitur
1061 4351 1156 4419 iufra.
