2996 5086
530 614 750 677 -15-

107 833 139 894 p.
164 812 247 875 402b
278 813 329 872 53.
377 814 491 875 contra
519 809 738 892 comparativo
766 808 856 873 notio
881 805 1024 894 (μᾶλλον)
1057 806 1171 872 suban-

106 916 224 981 dienda
254 921 303 983 est
330 916 434 981 iubis
471 919 560 999 34,3
584 920 694 987 πόσους
717 919 773 999 γὰρ
796 914 849 978 οἴει
873 911 908 977 δι’
933 911 1069 997 εὐπορίαν
1091 911 1111 999 ἢ
1137 911 1172 976 δι’

104 1023 216 1088 ἔνδειαν
239 1024 413 1111 κωλυθῆναι
435 1023 600 1109 σχολάζειν,
625 1023 679 1088 ubi
701 1021 721 1109 ἤ
743 1021 902 1106 particula
916 1020 1035 1104 pendet
1052 1042 1068 1086 e
1087 1041 1172 1085 corn·
1271 1023 1272 1026 ’

105 1131 250 1214 parativo
266 1131 380 1217 μᾶλλον
396 1129 619 1214 intellegendo.
649 1128 687 1194 cf.
702 1128 780 1194 Arr.
793 1129 899 1212 Epict.
913 1129 988 1195 diss.
1005 1127 1101 1210 1111,
1117 1131 1171 1195 41.

105 1235 206 1321 ῥᾴδιον
229 1237 248 1324 ἤ
270 1238 367 1302 etiam
389 1238 528 1302 sermoni
544 1236 658 1302 Attico
674 1235 833 1301 vindicare
852 1235 961 1300 studet
976 1233 1045 1300 Leo
1063 1231 1171 1299 Stern-

104 1344 189 1409 baoh
211 1344 331 1410 anthol.
355 1344 446 1409 Plan.
468 1367 499 1429 p.
523 1347 565 1408 41
590 1364 638 1426 sq.
661 1342 758 1426 idque
782 1347 895 1407 contra
918 1339 1078 1407 Cobetum
1101 1363 1132 1408 n.
1149 1342 1171 1405 l.

105 1472 137 1532 p.
155 1454 227 1515 748.
255 1449 409 1516 formulae
432 1450 582 1537 μᾶλλονῆ
605 1451 638 1515 in
654 1449 794 1515 Teleteis
819 1448 991 1514 admodum
1014 1448 1173 1530 frequenti

104 1556 193 1622 haud
208 1557 351 1622 absimile
367 1564 417 1623 est
427 1557 505 1622 illud
517 1561 655 1641 πρότερον
670 1555 752 1643 ...lp
770 1555 858 1638 quod
871 1556 1012 1622 occurrit
1024 1556 1056 1619 in
1068 1554 1172 1620 verbis

105 1664 219 1730 Bionis
243 1687 275 1748 p.
293 1668 383 1744 29,4
406 1663 516 1736 ἐκεῖνος
539 1689 569 1728 τε
592 1668 649 1748 γὰρ
673 1661 707 1728 ἂν
730 1668 869 1748 πρότερον
891 1667 978 1728 πίνων
1003 1663 1172 1749 διαρραγείη

104 1769 126 1857 ἢ
149 1773 292 1836 παὺοαιτο
315 1781 365 1836 τοῦ
390 1773 498 1859 δίψους.

174 1878 398 1944 adverbialiter
426 1879 557 1962 ponitur
588 1878 797 1963 superlativus
827 1881 881 1959 41,
908 1880 948 1941 14
976 1875 1101 1963 ἔσχατον
1132 1873 1173 1947 εἰς

105 1983 190 2069 ᾅδου.
215 2007 401 2071 comparare
417 1987 504 2051 iuvat
520 1990 551 2050 τδ
568 1986 738 2062 τελευταῖον,
756 1985 845 2051 cuius
860 1983 1017 2050 formulae
1030 1983 1174 2066 exempla

106 2093 277 2158 videantur
299 2095 330 2158 in
353 2093 468 2160 indice.

173 2200 225 2264 De
250 2201 408 2266 articuli
435 2221 495 2264 usu
522 2200 720 2282 pronominis
743 2199 827 2264 vices
856 2198 1027 2282 explentia,
1056 2202 1093 2262 ut
1115 2219 1172 2262 no·

104 2306 190 2370 tiora
214 2307 360 2372 omittam
386 2307 489 2391 (velut
516 2309 708 2392 τὸνμὲν...
737 2308 784 2369 τὸν
813 2305 845 2367 δέ
873 2309 903 2387 8,
922 2309 952 2368 6.
982 2308 1001 2368 9
1025 2302 1075 2368 vel
1103 2303 1173 2389 διψᾷ

107 2411 164 2497 [sc.
188 2416 220 2476 τδ
243 2412 381 2501 παιδίον),
404 2411 425 2500 ἡ
450 2414 482 2477 δὲ
506 2413 565 2498 [sc.
589 2412 707 2500 τροφός]
737 2412 816 2474 λοάει
843 2408 901 2474 art.
930 2414 1020 2492 38‚9
1048 2430 1108 2492 sq„
1132 2409 1172 2473 cf.

103 2518 230 2604 Krueg.
257 2525 308 2598 50,
329 2523 356 2601 1,
374 2520 424 2606 4),
449 2520 511 2585 hoc
533 2520 677 2603 inprimis
701 2517 906 2583 memorabile
931 2523 979 2582 est
996 2517 1093 2582 etiam
1108 2515 1172 2581 lor·

104 2647 175 2692 mas
198 2625 249 2698 οὓς
271 2631 370 2713 μὲν..
387 2676 393 2690 .
410 2625 461 2699 obe
485 2628 517 2691 δὲ
540 2632 572 2692 et
595 2627 615 2689 ἃ
638 2630 690 2712 μὲν
707 2675 714 2689 .
731 2675 737 2689 .
754 2675 760 2689 .
777 2627 797 2688 ά
817 2624 1172 2690 δὲυάλίδοάίυΤοΙολο

106 2738 232 2816 27,13.
264 2737 313 2800 14.
344 2738 467 2818 25,11.
512 2731 604 2799 ‘Erst
634 2735 694 2799 seit
724 2732 972 2814 Demosthenes,
1003 2732 1069 2797 und
1100 2731 1174 2797 sehr
1246 2737 1247 2740 ’

104 2840 207 2906 selten
220 2842 345 2907 beiden
358 2841 523 2923 Attilam,
539 2841 639 2906 findet
654 2840 721 2906 sich
735 2841 821 2906 diosc
837 2840 990 2905 veraltete
1002 2839 1103 2904 Form
1116 2838 1172 2904 des

104 2948 252 3013 Artikels
264 2951 358 3034 (gew.
366 2950 409 3013 im
417 2949 545 3036 Plural)
558 2949 641 3015 auch
653 2949 685 3012 in
693 2947 903 3031 Verbindung
913 2949 971 3011 mit
982 2952 1034 3032 μέν
1045 2947 1112 3011 und
1130 2947 1172 3022 δὲ,

104 3056 193 3121 doch
204 3078 265 3120 nur
280 3058 312 3122 in
329 3057 391 3122 den
403 3056 551 3140 obliquen
564 3053 674 3121 Oasus’
687 3055 812 3139 Krueg.
828 3059 879 3137 50,
897 3057 924 3135 1,
939 3058 968 3120 5.
986 3052 1172 3119 Aristotelis

105 3163 252 3246 exempla
269 3163 397 3247 collegit
409 3163 525 3229 Bonita
540 3163 606 3228 ind.
630 3186 661 3247 p.
676 3166 757 3227 532¹³
773 3166 822 3226 10.
847 3161 932 3226 haud
949 3183 1042 3226 rarus
1058 3167 1108 3226 est
1123 3160 1173 3224 hio

103 3290 183 3333 usus
210 3271 296 3353 apud
323 3270 493 3356 Polybium
524 3270 578 3354 qui
605 3269 703 3334 habet
732 3270 827 3335 etiam
856 3269 893 3340 ἃς
921 3271 973 3354 μὲν
990 3316 996 3330 .
1013 3317 1020 3331 .
1037 3316 1044 3330 .
1060 3271 1113 3338 τὰς
1141 3267 1173 3330 δέ

106 3375 182 3462 (ΙΠ
206 3382 257 3458 76,
275 3377 315 3463 4)
344 3379 425 3460 sim.,
457 3376 496 3442 cf.
522 3375 802 3460 Schweighaeuser
825 3374 886 3442 lex,
910 3374 1023 3458 Polyb.
1047 3395 1078 3456 p.
1097 3378 1172 3437 399.

103 3482 277 3549 formulam
287 3488 344 3569 πρὸ
356 3495 407 3549 τοῦ
417 3485 511 3551 Tales
524 3483 680 3565 habetll,
695 3489 725 3548 8.
741 3486 792 3565 31,
806 3486 824 3546 2
840 3481 980 3566 (Krueg.
989 3485 1039 3562 50,
1058 3484 1085 3563 1,
1102 3483 1172 3564 19).

174 3593 252 3656 meri
275 3592 402 3657 articuli
426 3593 513 3675 apud
535 3591 680 3657 Teletem
703 3612 779 3656 usus
804 3590 986 3655 continetur
1008 3587 1074 3653 fere
1099 3568 1172 3651 ccn'-

105 3698 274 3764 suetudine
291 3699 413 3764 Attica.
449 3698 591 3765 adferam
612 3697 805 3763 notabiliora
820 3717 885 3761 non
907 3694 996 3759 nulla
1011 3693 1173 3776 Kruegeri

106 3804 350 3888 dispositionem
373 3811 513 3872 secutus.
1057 3789 1066 3806 ⁶

173 3914 303 3980 nomina
331 3914 462 3998 propria
489 3914 675 3998 plerumque
702 3909 823 3976 habent
850 3909 1019 3974 articulum
1047 3913 1083 3973 ut
1111 3908 1173 3990 sig·

105 4022 276 4090 nificeutur
298 4028 461 4105 tamquam
484 4025 655 4104 poetarum
678 4018 870 4084 carminibus
894 4016 1067 4098 celebrata,
1087 4014 1173 4079 velut

105 4131 122 4196 ὁ
147 4131 329 4218 Πολυνείκης
353 4131 424 4217 (22,
442 4131 480 4216 3)
510 4127 526 4192 δ
551 4128 660 4213 Χάρων
682 4128 754 4211 (22,
772 4126 810 4212 9)
839 4123 855 4188 ὁ
879 4125 1015 4211 Πρίαμος
1043 4126 1115 4208 (24,
1134 4125 1172 4208 5)

105 4239 122 4304 ὁ
146 4239 286 4326 Λαὲρι-ρς
309 4238 381 4324 (25,
396 4237 435 4324 2)
458 4235 475 4300 ὁ
498 4234 650 4307 Τάνταλος
672 4238 743 4315 (25,
759 4236 797 4320 5)
821 4232 944 4298 similia.
977 4231 1031 4296 sed
1057 4251 1172 4312 aequa·

105 4348 229 4412 litatem
254 4346 285 4409 in
309 4347 357 4411 his
380 4344 431 4409 vix
455 4345 620 4426 quisquam
646 4340 854 4424 exspectabit.
